@article{zhou2020,
title = {Graph neural networks: {A} review of methods and applications},
journal = {AI Open},
volume = {1},
pages = {57-81},
year = {2020},
issn = {2666-6510},
url = {https://doi.org/10.1016/j.aiopen.2021.01.001},
author = {Zhou, J. and Cui, G. and Hu, S. and others},
}

@InProceedings{shalev2016,
  title = 	 {Minimizing the Maximal Loss: How and Why},
  author = 	 {Shalev-Shwartz, S. and Wexler, Y.},
  booktitle = 	 {Proceedings of The 33rd International Conference on Machine Learning},
  pages = 	 {793--801},
  year = 	 {2016},
  editor = 	 {Balcan, Maria Florina and Weinberger, Kilian Q.},
  volume = 	 {48},
  series = 	 {Proceedings of Machine Learning Research},
  address = 	 {New York, New York, USA},
  month = 	 {6},
  publisher =    {PMLR},
  url = 	 {https://proceedings.mlr.press/v48/shalev-shwartzb16.html},
}
@Article{mononen2023,
author={Mononen, M.E.
and Paz, A.
and others},
title={Atlas-based finite element analyses with simpler constitutive models predict personalized progression of knee osteoarthritis: data from the osteoarthritis initiative},
journal={Scientific Reports},
year={2023},
month={6},
day={01},
volume={13},
number={1},
pages={8888},
issn={2045-2322},
url={https://doi.org/10.1038/s41598-023-35832-y}
}


@article {keenan2013,
      author = "Keenan, K.E. and Pal, S. and Lindsey, D.P. and others",
      title = "A viscoelastic constitutive model can accurately represent entire creep indentation tests of human patella cartilage",
      journal = "Journal of Applied Biomechanics",
      year = "2013",
      publisher = "Human Kinetics, Inc.",
      address = "Champaign IL, USA",
      volume = "29",
      number = "3",
      pages=      "292 - 302",
      url = "https://doi.org/10.1123/jab.29.3.292"
}
@article{de_boor1978,
author="De Boor, C.",
title="A practical guide to splines",
journal="Applied Mathematical Sciences",
ISSN="0066-5452",
publisher="Springer New York",
year="1978",
pages="392",
}
@inbook{sella2023,
author = {Sella, V. and Pham, J. and others},
title = {Projection-based multifidelity linear regression for data-poor applications},
booktitle = {AIAA SCITECH 2023 Forum},
URL = {https://doi.org/10.2514/6.2023-0916},
year={2023},
}
@article{benninghoff1925,
  title={Form und bau der Gelenkknorpel in ihren Beziehungen zur Funktion: Zweiter teil: Der Aufbau des Gelenkknorpels in seinen Beziehungen zur Funktion},
  author={Benninghoff, A},
  journal={Zeitschrift f{\"u}r Zellforschung und mikroskopische Anatomie},
  volume={2},
  number={5},
  pages={783--862},
  year={1925},
  publisher={Springer}
}

@article{antman1979,
author={Antman, S.S. and Osborn, J.E.},
title={The principle of virtual work and integral laws of motion},
journal={Archive for Rational Mechanics and Analysis},
year={1979},
volume={69},
number={3},
pages={231-262},
issn={1432-0673},
url={https://doi.org/10.1007/BF00248135}
}



@ARTICLE{abiodun2019,
  author={Abiodun, O.I. and Jantan, A. and Omolara, A.E. and others},
  journal={IEEE Access}, 
  title={Comprehensive review of artificial neural network applications to pattern recognition}, 
  year={2019},
  volume={7},
  number={},
  pages={158820-158846},
  url = {https://doi.org/10.1109/ACCESS.2019.2945545}
    }
@article{lin2022,
title = {A survey of transformers},
journal = {AI Open},
volume = {3},
pages = {111-132},
year = {2022},
issn = {2666-6510},
url = {https://doi.org/10.1016/j.aiopen.2022.10.001},
author = {Lin, T. and Wang, Y. and Liu, X. and others},
}
@INPROCEEDINGS{ajit2020,
  author={Ajit, A. and Acharya, K. and Samanta, A.},
  booktitle={2020 International Conference on Emerging Trends in Information Technology and Engineering (ic-ETITE)}, 
  title={A review of convolutional neural networks}, 
  year={2020},
  volume={},
  number={},
  pages={1-5},
  url = {https://doi.org/10.1109/ic-ETITE47903.2020.049}}

@article{yu2019,
    author = {Yu, Y. and Si, X. and Hu, C. and others},
    title = "{A review of recurrent neural networks: {LSTM} cells and network architectures}",
    journal = {Neural Computation},
    volume = {31},
    number = {7},
    pages = {1235-1270},
    year = {2019},
    issn = {0899-7667},
    url = {https://doi.org/10.1162/neco_a_01199},
}

@incollection{berner2022, place={Cambridge}, title={The modern mathematics of deep learning}, booktitle={Mathematical Aspects of Deep Learning}, publisher={Cambridge University Press}, author={Berner, J. and Grohs, P. and Kutyniok, G. and others}, editor={Grohs, P. and Kutyniok, G.}, year={2022}, pages={1–111}, url          = {https://doi.org/10.1017/9781009025096.002}}

@article{stender2013,
	title = {Integrating {qPLM} and biomechanical test data with an anisotropic fiber distribution model and predictions of {TGF}-$\beta$1 and {IGF}-1 regulation of articular cartilage fiber modulus},
	author       = {Stender, M.E. and Raub, C.B. and Yamauchi, K.A. and others},
	year         = 2013,
	journal      = {Biomechanics and Modeling in Mechanobiology},
	volume       = 12,
	number       = 6,
	pages        = {1073--1088},
	issn         = {1617-7940},
	url          = {https://doi.org/10.1007/s10237-012-0463-y}
}
@article{fleisch2011,
  title={A student's guide to vectors and tensors},
  author={Fleisch, D.A.},
  year={2011},
  url={https://doi.org/10.1017/CBO9781139031035},
  publisher={Cambridge University Press}
}
@book{strang2023,
  title={Introduction to linear algebra},
  author={Strang, G.},
  year={2023},
  edition = {6th},
  publisher={Cambridge University Press},
  url={https://math.mit.edu/~gs/linearalgebra/ila6/indexila6.html}
}
@book{birge2011,
author = {Birge, J.R. and Louveaux, F.},
title = {Introduction to stochastic programming},
year = {2011},
isbn = {1461402360},
publisher = {Springer Publishing Company, Incorporated},
edition = {2nd},
URL = {https://doi.org/10.1007/978-1-4614-0237-4}
}
@article{holmes1990,
	title        = {The nonlinear characteristics of soft gels and hydrated connective tissues in ultrafiltration},
	author       = {Holmes, M.H. and Mow, V.C.},
	year         = 1990,
	journal      = {Journal of Biomechanics},
	publisher    = {Elsevier},
	volume       = 23,
	number       = 11,
	pages        = {1145–1156},
	issn         = {00219290},
	url          = {https://doi.org/10.1016/0021-9290(90)90007-P}
}
@article{guo2014,
	title        = {A biphasic multiscale study of the mechanical microenvironment of chondrocytes within articular cartilage under unconfined compression},
	author       = {Guo, H. and Maher, S.A. and Torzilli, P.A.},
	year         = 2014,
	journal      = {Journal of Biomechanics},
	publisher    = {Elsevier},
	volume       = 47,
	number       = 11,
	pages        = {2721–2729},
	isbn         = 1043901308676,
	issn         = 18732380,
	url          = {https://doi.org/10.1016/j.jbiomech.2014.05.001}
}
@article{guo2020,
title={Nonlinear Mixup: {O}ut-of-manifold data augmentation for text classification}, volume={34}, url={https://doi.org/10.1609/aaai.v34i04.5822}, number={04}, journal={Proceedings of the AAAI Conference on Artificial Intelligence}, author={Guo, H.}, year={2020}, month={4}, pages={4044-4051}
}
@inproceedings{wang2021,
author = {Wang, Y. and Wang, W. and Liang, Y. and others},
title = {Mixup for Node and Graph Classification},
year = {2021},
isbn = {9781450383127},
publisher = {Association for Computing Machinery},
address = {New York, NY, USA},
url = {https://doi.org/10.1145/3442381.3449796},
booktitle = {Proceedings of the Web Conference 2021},
pages = {3663–3674},
numpages = {12},
location = {Ljubljana, Slovenia},
series = {WWW '21},
}
@article{maharana2022,
title = {A review: {D}ata pre-processing and data augmentation techniques},
journal = {Global Transitions Proceedings},
volume = {3},
number = {1},
pages = {91-99},
year = {2022},
note = {International Conference on Intelligent Engineering Approach(ICIEA-2022)},
issn = {2666-285X},
doi = {https://doi.org/10.1016/j.gltp.2022.04.020},
url = {https://www.sciencedirect.com/science/article/pii/S2666285X22000565},
author = {Maharana, K. and Mondal, S. and Nemade, B.},
}
@article{rezvani2023,
title = {A broad review on class imbalance learning techniques},
journal = {Applied Soft Computing},
volume = {143},
pages = {110415},
year = {2023},
issn = {1568-4946},
url = {https://doi.org/10.1016/j.asoc.2023.110415},
author = {Rezvani, S. and Wang, X.},
}
@article{mumuni2022,
title = {Data augmentation: {A} comprehensive survey of modern approaches},
journal = {Array},
volume = {16},
pages = {100258},
year = {2022},
issn = {2590-0056},
url = {https://doi.org/10.1016/j.array.2022.100258},
author = {Mumuni, A. and Mumuni, F.},
}
@misc{cheung2023,
      title={Augmentation of scarce data -- a new approach for deep-learning modeling of composites}, 
      author={Cheung, H.L. and Uvdal, P. and Mirkhalaf, M.},
      year={2023},
      eprint={2311.14557},
      URL = {
https://doi.org/10.48550/arXiv.2311.14557}
}
@InProceedings{han2022,
  title = 	 {G-Mixup: Graph Data Augmentation for Graph Classification},
  author =       {Han, X. and Jiang, Z. and others},
  booktitle = 	 {Proceedings of the 39th International Conference on Machine Learning},
  pages = 	 {8230--8248},
  year = 	 {2022},
  editor = 	 {Chaudhuri, K. and Jegelka, S. and Song, L. and others},
  volume = 	 {162},
  series = 	 {Proceedings of Machine Learning Research},
  month = 	 {7},
  publisher =    {PMLR},
  url = 	 {https://doi.org/10.48550/arXiv.2202.07179},
}

@inproceedings{jindal2020,
    title = "Augmenting {NLP} models using latent feature interpolations",
    author = "Jindal, A.  and
      Ghosh Chowdhury, A.  and
      Didolkar, A.  and
      others",
    editor = "Scott, D. and Bel, N. and Zong, C.",
    booktitle = "Proceedings of the 28th International Conference on Computational Linguistics",
    month = dec,
    year = "2020",
    address = "Barcelona, Spain (Online)",
    publisher = "International Committee on Computational Linguistics",
    url = "https://doi.org/10.18653/v1/2020.coling-main.611",
    pages = "6931--6936",
}

@article{guo2019,
title={{MixUp} as locally linear out-of-manifold regularization}, volume={33}, url={https://doi.org/10.1609/aaai.v33i01.33013714}, number={01}, journal={Proceedings of the AAAI Conference on Artificial Intelligence}, author={Guo, H. and Mao, Y. and Zhang, R.}, year={2019}, month={7}, pages={3714-3722}
}
@article{stender2016,
	title        = {A poroelastic finite element model of the bone–cartilage unit to determine the effects of changes in permeability with osteoarthritis},
	author       = {Stender, M.E. and Regueiro, R.A. and Ferguson, V.L.},
	year         = 2017,
	journal      = {Computer Methods in Biomechanics and Biomedical Engineering},
	publisher    = {Taylor \& Francis},
	volume       = 20,
	number       = 3,
	pages        = {319--331},
	url          = {https://doi.org/10.1080/10255842.2016.1233326}
}
@article{ateshian2004,
	title        = {The correspondence between equilibrium biphasic and triphasic material properties in mixture models of articular cartilage},
	author       = {Ateshian, G.A. and Chahine, N.O. and Basalo, I.M. and others},
	year         = 2004,
	journal      = {Journal of Biomechanics},
	volume       = 37,
	number       = 3,
	pages        = {391--400},
	issn         = {0021-9290},
	url          = {https://doi.org/10.1016/S0021-9290(03)00252-5}
}
@article{buschmann1995,
	title        = {A molecular model of proteoglycan-associated electrostatic forces in cartilage mechanics},
	author       = {Buschmann, M.D. and Grodzinsky, A.J.},
	year         = 1995,
	journal      = {Journal of Biomechanical Engineering},
	volume       = 117,
	number       = 2,
	pages        = {179--192},
	doi          = {10.1115/1.2796000},
	issn         = {0148-0731},
	url          = {https://doi.org/10.1115/1.2796000}
}
@article{klisch1999,
	title        = {Internally constrained mixtures of elastic continua},
	author       = {Klisch, S.M.},
	year         = 1999,
	journal      = {Mathematics and Mechanics of Solids},
	volume       = 4,
	number       = 4,
	pages        = {481--498},
	url          = {https://doi.org/10.1177/108128659900400405}
}
@book{fa1979,
	title        = {Porous Media: Fluid Transport and Pore Structure},
	author       = {Dullien, F.A.L.},
	year         = 1979,
	publisher    = {Elsevier Science}
}
@book{karl1943,
	title        = {Theoretical Soil Mechanics},
	author       = {Terzaghi, K.},
	year         = 1943,
    url= {https://doi.org/10.1002/9780470172766},
	publisher    = {Hoboken, NJ, USA: John Wiley \& Sons, Inc}
}
@book{gerhard-book,
	title        = {Nonlinear Solid Mechanics: {A} Continuum Approach for Engineering},
	author       = {Holzapfel, G.A.},
	year         = 2000,
	publisher    = {John Wiley \& Sons},
	address      = {Chichester}
}
@article{kim2012,
	title        = {A comparison among neo{-Hookean} model, {Mooney-Rivlin} model, and {Ogden} model for chloroprene rubber},
	author       = {Kim, B. and Lee, S.B. and Lee, J. and others},
	year         = 2012,
	journal      = {International Journal of Precision Engineering and Manufacturing},
	volume       = 13,
	number       = 5,
	pages        = {759--764},
	issn         = {2005-4602},
	url          = {https://doi.org/10.1007/s12541-012-0099-y}
}
@article{wilson2007,
	title        = {Depth-dependent compressive equilibrium properties of articular cartilage explained by its composition},
	author       = {Wilson, W. and Huyghe, J.M. and {van Donkelaar}, C.C.},
	year         = 2007,
	journal      = {Biomechanics and Modeling in Mechanobiology},
	volume       = 6,
	number       = 1,
	pages        = {43--53},
	issn         = {1617-7940},
	url          = {https://doi.org/10.1007/s10237-006-0044-z}
}
@article{charlebois2004,
	title        = {Nonlinear tensile properties of bovine articular cartilage and their variation with age and depth},
	author       = {Charlebois, M. and McKee, M.D. and Buschmann, M.D.},
	year         = 2004,
	journal      = {Journal of Biomechanical Engineering},
	volume       = 126,
	number       = 2,
	pages        = {129--137},
	issn         = {0148-0731},
	url          = {https://doi.org/10.1115/1.1688771}
}
@article{cai2018,
	title        = {A comprehensive survey of graph embedding: {Problems}, techniques, and applications},
	author       = {Cai, H. and Zheng, V.W. and Chang, K.C.},
	year         = 2018,
	journal      = {IEEE Transactions on Knowledge and Data Engineering},
	volume       = 30,
	number       = 9,
	pages        = {1616--1637},
	url          = {https://doi.org/10.1109/TKDE.2018.2807452}
}
@inproceedings{salimans2016,
	title        = {Weight normalization: {A} simple reparameterization to accelerate training of deep neural networks},
	author       = {Salimans, T. and Kingma, D.P.},
	year         = 2016,
	booktitle    = {Advances in Neural Information Processing Systems},
	publisher    = {Curran Associates, Inc.},
	volume       = 29,
	pages        = {},
	url          = {https://proceedings.neurips.cc/paper/2016/file/ed265bc903a5a097f61d3ec064d96d2e-Paper.pdf},
	editor       = {Lee, D. and Sugiyama, M. and Luxburg, U. and others}
}
@article{wu2021,
	title        = {A comprehensive survey on graph neural networks},
	author       = {Wu, Z. and Pan, S. and Chen, F. and others},
	year         = 2021,
	journal      = {IEEE Transactions on Neural Networks and Learning Systems},
	volume       = 32,
	number       = 1,
	pages        = {4--24},
	url          = {https://doi.org/10.1109/tnnls.2020.2978386}
}
@InProceedings{zhang2024,
author="Zhang, X.
and Xu, Y.
and He, W.
and others",
title="A comprehensive review of the oversmoothing in graph neural networks",
booktitle="Computer Supported Cooperative Work and Social Computing",
year="2024",
publisher="Springer Nature Singapore",
address="Singapore",
pages="451--465",
isbn="978-981-99-9637-7",
url="https://doi.org/10.1007/978-981-99-9637-7_33"
}

@misc{battaglia2018,
	title        = {Relational inductive biases, deep learning, and graph networks},
	author       = {Battaglia, P.W. and Hamrick, J.B. and Bapst, V. and others},
	year         = 2018,
	publisher    = {{arXiv}},
	url          = {https://doi.org/10.48550/arxiv.1806.01261}
}
@article{bianchi2012,
	title        = {Conditioning for optimization problems under general perturbations},
	author       = {Bianchi, M. and Kassay, G. and Pini, R.},
	year         = 2012,
	journal      = {Nonlinear Analysis: Theory, Methods \& Applications},
	volume       = 75,
	number       = 1,
	pages        = {37--45},
	issn         = {0362-546X},
	url          = {https://doi.org/10.1016/j.na.2011.07.061}
}
@inproceedings{bjorck2018,
	title        = {Understanding batch normalization},
	author       = {Bjorck, N. and Gomes, C.P. and Selman, B. and others},
	year         = 2018,
	booktitle    = {Advances in Neural Information Processing Systems},
	publisher    = {Curran Associates, Inc.},
	volume       = 31,
	pages        = {},
	url          = {https://proceedings.neurips.cc/paper/2018/file/36072923bfc3cf47745d704feb489480-Paper.pdf},
	editor       = {Bengio, S. and Wallach, H. and Larochelle, H. and others}
}
@inproceedings{jingjing2019,
	title        = {Understanding and improving layer normalization},
	author       = {Xu, J. and Sun, X. and Zhang, Z. and others},
	year         = 2019,
	booktitle    = {Advances in Neural Information Processing Systems},
	publisher    = {Curran Associates, Inc.},
	volume       = 32,
	pages        = {},
	url          = {https://proceedings.neurips.cc/paper/2019/file/2f4fe03d77724a7217006e5d16728874-Paper.pdf},
	editor       = {Wallach, H. and Larochelle, H. and Beygelzimer, A. and others}
}
@article{fukushima1980,
	title        = {Neocognitron: {A} self-organizing neural network model for a mechanism of pattern recognition unaffected by shift in position},
	author       = {Fukushima, K.},
	year         = 1980,
	journal      = {Biological Cybernetics},
	volume       = 36,
	number       = 4,
	pages        = {193--202},
	issn         = {1432-0770},
	url          = {https://doi.org/10.1007/BF00344251}
}
@inproceedings{clevert2016,
	title        = {Fast and accurate deep network learning by exponential linear units (ELUs)},
	author       = {Clevert, D.A. and Unterthiner, T. and Hochreiter, S.},
	year         = 2016,
	booktitle    = {4th International Conference on Learning Representations, {ICLR}},
	url          = {https://doi.org/10.48550/arxiv.1511.07289},
	editor       = {Bengio, Y. and LeCun, Y.}
}
@book{mlbook,
	title        = {Hands-On Machine Learning with Scikit-Learn, Keras, and TensorFlow: Concepts, Tools, and Techniques to Build Intelligent Systems},
	author       = {G{\'e}ron, A.},
	year         = 2019,
	publisher    = {O'Reilly Media, Inc.},
	isbn         = 9781492032649,
	edition      = {2nd}
}
@inproceedings{nair2010,
	title        = {Rectified linear units improve restricted {Boltzmann} machines},
	author       = {Nair, V. and Hinton, G.E.},
	year         = 2010,
	booktitle    = {Proceedings of the 27th International Conference on International Conference on Machine Learning},
	series       = {ICML'10},
	pages        = {807–814},
	isbn         = 9781605589077,
	url          = {https://icml.cc/Conferences/2010/papers/432.pdf},
	numpages     = 8
}
@article{sperduti1997,
	title        = {Supervised neural networks for the classification of structures},
	author       = {Sperduti, A. and Starita, A.},
	year         = 1997,
	journal      = {IEEE Transactions on Neural Networks},
	volume       = 8,
	number       = 3,
	pages        = {714--735},
	url          = {https://doi.org/10.1109/72.572108}
}
@inproceedings{riba2018,
	title        = {Learning graph distances with message passing neural networks},
	author       = {Riba, P. and Fischer, A. and Llad\'{o}s, J. and others},
	year         = 2018,
	booktitle    = {24th International Conference on Pattern Recognition ({ICPR})},
	volume       = {},
	number       = {},
	pages        = {2239--2244},
	url          = {https://doi.org/10.1109/ICPR.2018.8545310}
}
@book{webb2003,
	title        = {Statistical Pattern Recognition},
	author       = {Webb, A.R.},
	year         = 2003,
	publisher    = {John Wiley \& Sons}
}
@article{rumelhart1986,
	title        = {Learning representations by back-propagating errors},
	author       = {Rumelhart, D.E. and Hinton, G.E. and Williams, R.J.},
	year         = 1986,
	journal      = {Nature},
	volume       = 323,
	number       = 6088,
	pages        = {533--536},
	issn         = {1476-4687},
	url          = {https://doi.org/10.1038/323533a0}
}
@article{nolan2022,
	title        = {Understanding the deformation gradient in Abaqus and key guidelines for anisotropic hyperelastic user material subroutines {(UMATs)}},
	author       = {Nolan, D.R. and Lally, C. and McGarry, J.P.},
	year         = 2022,
	journal      = {Journal of the Mechanical Behavior of Biomedical Materials},
	volume       = 126,
	pages        = 104940,
	issn         = {1751-6161},
	url          = {https://doi.org/10.1016/j.jmbbm.2021.104940}
}
@article{fehervary2020,
	title        = {How to implement user-defined fiber-reinforced hyperelastic materials in finite element software},
	author       = {Fehervary, H. and Maes, L. and Vastmans, J. and others},
	year         = 2020,
	journal      = {Journal of the Mechanical Behavior of Biomedical Materials},
	volume       = 110,
	pages        = 103737,
	issn         = {1751-6161},
	url          = {https://doi.org/10.1016/j.jmbbm.2020.103737}
}
@book{strauss2007,
	title        = {Partial Differential Equations: {An} Introduction},
	author       = {Strauss, W.A.},
	year         = 2007,
	publisher    = {John Wiley \& Sons}
}
@misc{abaqus,
	title        = {Dassault Syst\`{e}mes {S}imulia Corp., Providence, {RI, USA}},
	author       = {Abaqus},
    year = {2021},
	url          = {http://www.simulia.com}
}
@book{belytschko2014,
	title        = {Nonlinear Finite Elements for Continua and Structures},
	author       = {Belytschko, T. and Liu, W.K. and Moran, B. and others},
	year         = 2014,
	publisher    = {John Wiley \& Sons}
}
@article{fortin1999,
  title={Unconfined compression of articular cartilage: {Nonlinear} behavior and comparison with a fibril-reinforced biphasic model},
  author={Fortin, M. and Soulhat, J. and Shirazi-Adl, A. and others},
  journal={Journal of Biomechanical Engineering},
  volume={122},
  number={2},
  pages={189--195},
  year={2000},
  url= {https://doi.org/10.1115/1.429641}
}
@article{chen2016,
	title        = {Determining tension--compression nonlinear mechanical properties of articular cartilage from indentation testing},
	author       = {Chen, X. and Zhou, Y. and Wang, L. and others},
	year         = 2016,
	journal      = {Annals of Biomedical Engineering},
	volume       = 44,
	number       = 4,
	pages        = {1148--1158},
	issn         = {1573-9686},
	url          = {https://doi.org/10.1007/s10439-015-1402-8}
}
@INCOLLECTION{trad2018,
	title        = {Finite element models of the knee joint},
	author       = {Trad, Z. and Barkaoui, A. and Chafra, M. and others},
	year         = 2018,
	booktitle    = {{FEM} Analysis of the Human Knee Joint: A Review},
	publisher    = {Springer International Publishing},
	address      = {Cham},
	pages        = {1--34},
	isbn         = {978-3-319-74158-1},
	url          = {https://doi.org/10.1007/978-3-319-74158-1_1}
}
@article{taber1996,
title = {Theoretical study of stress-modulated growth in the aorta},
journal = {Journal of Theoretical Biology},
volume = {180},
number = {4},
pages = {343-357},
year = {1996},
issn = {0022-5193},
url = {https://doi.org/10.1006/jtbi.1996.0107},
author = {Taber, L.A. and Eggers, D.W.},
}
@article{rachev2003,
title = {Residual strains in conduit arteries},
journal = {Journal of Biomechanics},
volume = {36},
number = {5},
pages = {661--670},
year = {2003},
note = {Cardiovascular Biomechanics},
issn = {0021-9290},
url = {https://doi.org/10.1016/S0021-9290(02)00444-X},
author = {Rachev, A. and Greenwald, S.E.},
}
@article{alastru2007,
  title={Assessing the use of the {“Opening Angle Method”} to enforce residual stresses in patient-specific arteries},
  author={Alastru{\'e}, V. and Pe{\~n}a, E. and others},
  journal={Annals of Biomedical Engineering},
  year={2007},
  volume={35},
  pages={1821-1837},
  url={https://doi.org/10.1007/s10439-007-9352-4}
}
@article{bols2013,
title = {A computational method to assess the in vivo stresses and unloaded configuration of patient-specific blood vessels},
journal = {Journal of Computational and Applied Mathematics},
volume = {246},
pages = {10-17},
year = {2013},
note = {Fifth International Conference on Advanced COmputational Methods in ENgineering (ACOMEN 2011)},
issn = {0377-0427},
url = {https://doi.org/10.1016/j.cam.2012.10.034},
author = {Bols, J. and Degroote, J. and Trachet, B. and others},
}
@article{zahn2016,
title={Modeling of anisotropic growth and residual stresses in arterial walls}, volume={7}, url={http://dx.doi.org/10.14311/APP.2017.7.0085}, author={Zahn, A. and Balzani, D.}, year={2016}, month={12}, pages={85–-90}
}
@article{pierce2015,
title = {A method for incorporating three-dimensional residual stretches/stresses into patient-specific finite element simulations of arteries},
journal = {Journal of the Mechanical Behavior of Biomedical Materials},
volume = {47},
pages = {147-164},
year = {2015},
issn = {1751-6161},
url = {https://doi.org/10.1016/j.jmbbm.2015.03.024},
author = {Pierce, D.M. and Fastl, T.E. and others},
}
@article{weisbecker2014,
author = {Weisbecker, H. and Pierce, D.M. and Holzapfel, G.A.},
title = {A generalized prestressing algorithm for finite element simulations of preloaded geometries with application to the aorta},
journal = {International Journal for Numerical Methods in Biomedical Engineering},
volume = {30},
number = {9},
pages = {857--872},
url = {https://doi.org/10.1002/cnm.2632},
year = {2014}
}
@article{leach2019,
author = {Leach, J.R. And Zhu, C. And others},
title = {Comparison of two methods for estimating the unloaded state for abdominal aortic aneurysm stress calculations},
journal = {Journal of Mechanics in Medicine and Biology},
volume = {19},
number = {03},
pages = {1950015},
year = {2019},
URL = {https://doi.org/10.1142/S0219519419500155},
}
@article{gee2010,
author = {Gee, M.W. and others},
title = {A computational strategy for prestressing patient-specific biomechanical problems under finite deformation},
journal = {International Journal for Numerical Methods in Biomedical Engineering},
volume = {26},
number = {1},
pages = {52--72},
url = {https://doi.org/10.1002/cnm.1236},
year = {2010}
}
@article{maneewongvatana1999,
  author       = {Maneewongvatana, S. and Mount, D.M.},
  title        = {Analysis of approximate nearest neighbor searching with clustered point sets},
  journal      = {CoRR},
  volume       = {cs.CG/9901013},
  year         = {1999},
  url          = {https://doi.org/10.48550/arXiv.cs/9901013}
}
@article{mononen2012,
title = {Effect of superficial collagen patterns and fibrillation of femoral articular cartilage on knee joint mechanics—A 3D finite element analysis},
journal = {Journal of Biomechanics},
volume = {45},
number = {3},
pages = {579-587},
year = {2012},
issn = {0021-9290},
url = {https://doi.org/10.1016/j.jbiomech.2011.11.003},
author = {Mononen, M.E. and Mikkola, M.T. and Julkunen, P. and others},
}
@article{lu2007,
title = {Inverse elastostatic stress analysis in pre-deformed biological structures: {D}emonstration using abdominal aortic aneurysms},
journal = {Journal of Biomechanics},
volume = {40},
number = {3},
pages = {693-696},
year = {2007},
issn = {0021-9290},
url = {https://doi.org/10.1016/j.jbiomech.2006.01.015},
author = {Lu, J. and Zhou, X. and Raghavan, M.L.},
}
@article{govindjee1996,
title = {Computational methods for inverse finite elastostatics},
journal = {Computer Methods in Applied Mechanics and Engineering},
volume = {136},
number = {1},
pages = {47-57},
year = {1996},
issn = {0045-7825},
url = {https://doi.org/10.1016/0045-7825(96)01045-6},
author = {Govindjee, S. and Mihalic, P.A.},
}
@article{wang2018,
	title        = {On incorporating osmotic prestretch/prestress in image-driven finite element simulations of cartilage},
	author       = {Wang, X. and Eriksson, T.S.E. and Ricken, T. and others},
	year         = 2018,
	journal      = {Journal of the Mechanical Behavior of Biomedical Materials},
	volume       = 86,
	pages        = {409--422},
	issn         = {1751-6161},
	url          = {https://doi.org/10.1016/j.jmbbm.2018.06.014}
}
@Inbook{verruijt1984,
author="Verruijt, A.",
editor="Bear, J.
and Corapcioglu, M.Y.",
title="The theory of consolidation",
bookTitle="Fundamentals of Transport Phenomena in Porous Media",
year="1984",
publisher="Springer Netherlands",
address="Dordrecht",
pages="349--368",
isbn="978-94-009-6175-3",
url="https://doi.org/10.1007/978-94-009-6175-3_7"
}
@article{korsawe2006,
	title        = {Finite element analysis of poro-elastic consolidation in porous media: {Standard} and mixed approaches},
	author       = {Korsawe, J. and Starke, G. and Wang, W. and others},
	year         = 2006,
	journal      = {Computer Methods in Applied Mechanics and Engineering},
	volume       = 195,
	number       = 9,
	pages        = {1096--1115},
	issn         = {0045-7825},
	url          = {https://doi.org/10.1016/j.cma.2005.04.011}
}
@article{miehe1996,
title = {Numerical computation of algorithmic (consistent) tangent moduli in large-strain computational inelasticity},
journal = {Computer Methods in Applied Mechanics and Engineering},
volume = {134},
number = {3},
pages = {223-240},
year = {1996},
issn = {0045-7825},
url = {https://doi.org/10.1016/0045-7825(96)01019-5},
author = {Miehe, C.},
}
@article{almeida1997,
	title        = {Mixed and penalty finite element models for the nonlinear behavior of biphasic soft tissues in finite deformation: {Part I}—alternate formulations},
	author       = {Almeida, E.S. and Spilker, R.L.},
	year         = 1997,
	journal      = {Computer Methods in Biomechanics and Biomedical Engineering},
	publisher    = {Taylor \& Francis},
	volume       = 1,
	number       = 1,
	pages        = {25--46},
	url          = {https://doi.org/10.1080/01495739708936693}
}
@inproceedings{nakahara2016,
	title        = {Stress evaluation of articular cartilage chondrocyte cell by using multi-scale finite element method and smoothed particle hydrodynamics method},
	author       = {Nakahara, K. and Morita, Y. and Tomita, Y. and others},
	year         = 2016,
	series       = {ASME International Mechanical Engineering Congress and Exposition},
	volume       = {Volume 3: Biomedical and Biotechnology Engineering},
	url          = {https://doi.org/10.1115/IMECE2016-66416}
}
@Article{thienkarochanakul2020,
author={Thienkarochanakul, K.
and Javadi, A.A.
and Akrami, M.
and others},
title={Stress distribution of the tibiofemoral joint in a healthy versus osteoarthritis knee model using image-based three-dimensional finite element analysis},
journal={Journal of Medical and Biological Engineering},
year={2020},
month={6},
volume={40},
number={3},
pages={409-418},
issn={2199-4757},
url={https://doi.org/10.1007/s40846-020-00523-w}
}
@inproceedings{you2020,
 author = {You, Y. and Chen, T. and Sui, Y. and others},
 booktitle = {Advances in Neural Information Processing Systems},
 editor = {Larochelle, H. and Ranzato, M. and Hadsell, R. and others},
 pages = {5812--5823},
 publisher = {Curran Associates, Inc.},
 title = {Graph contrastive learning with augmentations},
 url = {https://doi.org/10.48550/arXiv.2010.13902},
 volume = {33},
 year = {2020}
}
@Article{gibson2022,
author={Gibson, J.
and Hire, A.
and Hennig, R.G.},
title={Data-augmentation for graph neural network learning of the relaxed energies of unrelaxed structures},
journal={npj Computational Materials},
year={2022},
month={9},
day={30},
volume={8},
number={1},
pages={211},
issn={2057-3960},
url={https://doi.org/10.1038/s41524-022-00891-8}
}
@inproceedings{sun2020,
  author       = {Sun, F. and Hoffmann, J. and others},
  title        = {InfoGraph: Unsupervised and Semi-supervised Graph-Level Representation Learning via Mutual Information Maximization},
  booktitle    = {8th International Conference on Learning Representations, {ICLR} 2020, Addis Ababa, Ethiopia},
  year         = {2020},
  url          = {https://doi.org/10.48550/arXiv.1908.01000},
}
@inproceedings{velickovic2018,
title={Deep Graph Infomax},
author={Veli{\v{c}}kovi{\'c}, P. and Fedus, W. and Hamilton, W.L. and others},
booktitle={International Conference on Learning Representations},
year={2019},
url={https://doi.org/10.48550/arXiv.1809.10341},
}
@inproceedings{kingma2014,
 author = {Kingma, D.P. and Mohamed, S. and others},
 booktitle = {Advances in Neural Information Processing Systems},
 editor = {Ghahramani, Z. and Welling, M. and Cortes, C. and others},
 pages = {},
 publisher = {Curran Associates, Inc.},
 title = {Semi-supervised learning with deep generative models},
 url = {https://doi.org/10.48550/arXiv.1406.5298},
 volume = {27},
 year = {2014}
}
@inproceedings{park2022,
  title={Graph transplant: {N}ode saliency-guided graph mixup with local structure preservation},
  author={Park, J. and Shim, H. and Yang, E.},
  booktitle={Proceedings of the First MiniCon Conference},
  year={2022},
  URL = {https://doi.org/10.48550/arXiv.2111.05639}
}
@inproceedings{guo2023,
author = {Guo, H. and Mao, Y.},
title = {Interpolating graph pair to regularize graph classification},
year = {2023},
isbn = {978-1-57735-880-0},
publisher = {AAAI Press},
url = {https://doi.org/10.1609/aaai.v37i6.25941},
booktitle = {Proceedings of the Thirty-Seventh AAAI Conference on Artificial Intelligence and Thirty-Fifth Conference on Innovative Applications of Artificial Intelligence and Thirteenth Symposium on Educational Advances in Artificial Intelligence},
articleno = {872},
numpages = {9},
series = {AAAI'23/IAAI'23/EAAI'23}
}
@inproceedings{zhang2018,
title={mixup: beyond empirical risk minimization},
author={Hongyi Zhang and Moustapha Cisse and Yann N. Dauphin and David Lopez-Paz},
booktitle={International Conference on Learning Representations},
year={2018},
url={https://doi.org/10.48550/arXiv.1710.09412},
}
@InProceedings{rezende2014,
  title = 	 {Stochastic backpropagation and approximate inference in deep generative models},
  author = 	 {Rezende, D.J. and Mohamed, S. and Wierstra, D.},
  booktitle = 	 {Proceedings of the 31st International Conference on Machine Learning},
  pages = 	 {1278--1286},
  year = 	 {2014},
  editor = 	 {Xing, E.P. and Jebara, T.},
  volume = 	 {32},
  number =       {2},
  series = 	 {Proceedings of Machine Learning Research},
  address = 	 {Bejing, China},
  month = 	 {6},
  publisher =    {PMLR},
  url = 	 {https://doi.org/10.48550/arXiv.1401.4082},
}
@Article{fresca2021,
author={Fresca, S. and others},
title={A comprehensive deep learning-based approach to reduced order modeling of nonlinear time-dependent parametrized {PDE}s},
journal={Journal of Scientific Computing},
year={2021},
month={4},
day={12},
volume={87},
number={2},
pages={61},
issn={1573-7691},
url={https://doi.org/10.1007/s10915-021-01462-7}
}

@article{yeo2000,
    author = {Yeo, I.‐K. and Johnson, R.A.},
    title = "{A new family of power transformations to improve normality or symmetry}",
    journal = {Biometrika},
    volume = {87},
    number = {4},
    pages = {954--959},
    year = {2000},
    month = {12},
    issn = {0006-3444},
    url = {https://doi.org/10.1093/biomet/87.4.954},
}
@article{rauschenberger2020,
url = {https://doi.org/10.1515/icom-2020-0018},
title = {How to handle health-related small imbalanced data in machine learning?},
author = {Rauschenberger, M. and Baeza-Yates, R.},
pages = {215--226},
volume = {19},
number = {3},
journal = {i-com},
year = {2020},
}


@article{fresca2022,
title = {{POD-DL-ROM: E}nhancing deep learning-based reduced order models for nonlinear parametrized PDEs by proper orthogonal decomposition},
journal = {Computer Methods in Applied Mechanics and Engineering},
volume = {388},
pages = {114181},
year = {2022},
issn = {0045-7825},
url = {https://doi.org/10.1016/j.cma.2021.114181},
author = {Fresca, S. and Manzoni, A.},
}
@inproceedings{um2020,
author = {Um, K. and Brand, R. and others},
title = {Solver-in-the-loop: learning from differentiable physics to interact with iterative {PDE}-solvers},
year = {2020},
isbn = {9781713829546},
publisher = {Curran Associates Inc.},
address = {Red Hook, NY, USA},
booktitle = {Proceedings of the 34th International Conference on Neural Information Processing Systems},
articleno = {513},
numpages = {12},
location = {Vancouver, BC, Canada},
series = {NIPS'20},
url={https://doi.org/10.48550/arXiv.2007.00016}
}

@inproceedings{chiang2019,
author = {Chiang, W.L. and Liu, X. and Si, S. and others},
title = {Cluster-GCN: An Efficient Algorithm for Training Deep and Large Graph Convolutional Networks},
year = {2019},
isbn = {9781450362016},
publisher = {Association for Computing Machinery},
address = {New York, NY, USA},
url = {https://doi.org/10.1145/3292500.3330925},
booktitle = {Proceedings of the 25th ACM SIGKDD International Conference on Knowledge Discovery \& Data Mining},
pages = {257–266},
numpages = {10},
location = {Anchorage, AK, USA},
series = {KDD '19}
}
@inproceedings{zeng2020,
title={{GraphSAINT}: {G}raph sampling based inductive learning method},
author={Zeng, H. and Zhou, H. and Srivastava, A. and others},
booktitle={International Conference on Learning Representations},
year={2020},
url={https://openreview.net/forum?id=BJe8pkHFwS}
}
@article{xu2023,
title = {A comprehensive survey of image augmentation techniques for deep learning},
journal = {Pattern Recognition},
volume = {137},
pages = {109347},
year = {2023},
issn = {0031-3203},
url = {https://doi.org/10.1016/j.patcog.2023.109347},
author = {Xu, M. and Yoon, S. and others},
}
@article{pellicer2023,
title = {Data augmentation techniques in natural language processing},
journal = {Applied Soft Computing},
volume = {132},
pages = {109803},
year = {2023},
issn = {1568-4946},
url = {https://doi.org/10.1016/j.asoc.2022.109803},
author = {Pellicer, L.F.A.O. and Ferreira, T.M. and Costa, A.H.R.},
}
@Article{steininger2021,
author={Steininger, M.
and Kobs, K.
and Davidson, P.
and others},
title={Density-based weighting for imbalanced regression},
journal={Machine Learning},
year={2021},
month={8},
day={01},
volume={110},
number={8},
pages={2187-2211},
issn={1573-0565},
url={https://doi.org/10.1007/s10994-021-06023-5}
}
@article{bhattacharya2017, 
title={{ICU} mortality prediction: {A} classification algorithm for imbalanced datasets}, volume={31}, url={https://doi.org/10.1609/aaai.v31i1.10721}, number={1}, journal={Proceedings of the AAAI Conference on Artificial Intelligence}, author={Bhattacharya, S. and Rajan, V. and Shrivastava, H.}, year={2017}, month={2} }

@ARTICLE{fernando2022,
  author={Fernando, K.R.M. and Tsokos, C.P.},
  journal={IEEE Transactions on Neural Networks and Learning Systems}, 
  title={Dynamically weighted balanced loss: Class imbalanced learning and confidence calibration of deep neural networks}, 
  year={2022},
  volume={33},
  number={7},
  pages={2940-2951},
  url={https://doi.org/10.1109/TNNLS.2020.3047335}
}

@inproceedings{wang2022,
author = {Wang, Y. and Zhao, Y. and others},
title = {Imbalanced graph classification via graph-of-graph neural networks},
year = {2022},
isbn = {9781450392365},
publisher = {Association for Computing Machinery},
address = {New York, NY, USA},
url = {https://doi.org/10.1145/3511808.3557356},
booktitle = {Proceedings of the 31st ACM International Conference on Information \& Knowledge Management},
pages = {2067–2076},
numpages = {10},
location = {Atlanta, GA, USA},
series = {CIKM '22}
}
@inproceedings{liu2021,
author = {Liu, Y. and Ao, X. and Qin, Z. and others},
title = {Pick and choose: {A GNN}-based imbalanced learning approach for fraud detection},
year = {2021},
isbn = {9781450383127},
publisher = {Association for Computing Machinery},
address = {New York, NY, USA},
url = {https://doi.org/10.1145/3442381.3449989},
booktitle = {Proceedings of the Web Conference 2021},
pages = {3168–3177},
numpages = {10},
location = {Ljubljana, Slovenia},
series = {WWW '21}
}

@article{sajjadinia2021a,
	title        = {A backward pre-stressing algorithm for efficient finite element implementation of in vivo material and geometrical parameters into fibril-reinforced mixture models of articular cartilage},
	author       = {Sajjadinia, S.S. and Carpentieri, B. and Holzapfel, G.A.},
	year         = 2021,
	journal      = {Journal of the Mechanical Behavior of Biomedical Materials},
	volume       = 114,
	pages        = 104203,
	issn         = {1751-6161},
	url          = {https://doi.org/10.1016/j.jmbbm.2020.104203}
}
@InBook{sajjadinia2024a,
  author = {Sajjadinia, S.S. and Carpentieri, B. and Holzapfel, G.A.},
  editor = {Carpentieri, B. and Lecca, P.},
  title = {Hybrid data-driven and numerical modeling of articular cartilage},
  publisher = {Wiley},
  year = {2024},
  booktitle = {Big Data Analysis and Artificial Intelligence for Medical Sciences},
  note = {In press}
}
@InProceedings{sajjadinia2024b,
  title={Large-scale finite element modeling of pre-stress in articular cartilage},
  author={Sajjadinia, S.S. and Carpentieri, B. and Holzapfel, G.A.},
  booktitle={CMBBE 2023: Lecture Notes in Computational Vision and Biomechanics},
  publisher={Springer Nature},
  year={2023},
  note={In press}
}
@InProceedings{sajjadinia2021c,
	title        = {A Pointwise Evaluation Metric to Visualize Errors in Machine Learning Surrogate Models},
	author       = {Sajjadinia, S.S. and Carpentieri, B. and Holzapfel, G.A.},
	year         = 2021,
	booktitle    = {Proceedings of CECNet 2021},
	publisher    = {IOS Press},
	series       = {Frontiers in Artificial Intelligence and Applications},
	volume       = 345,
	pages        = {26--34},
	url          = {http://dx.doi.org/10.3233/FAIA210386},
	editor       = {Tall\'{o}n-Ballesteros, A.J.}
}

@unpublished{sajjadinia2024c,
  author = {Sajjadinia, S.S. and Carpentieri, B. and Holzapfel, G.A.},
  title = {Bridging diverse physics and scales of knee cartilage with efficient graph learning},
  note = {Under review},
  year = {2024}
}


@InProceedings{glorot2010,
  title = 	 {Understanding the difficulty of training deep feedforward neural networks},
  author = 	 {Glorot, X. and Bengio, Y.},
  booktitle = 	 {Proceedings of the Thirteenth International Conference on Artificial Intelligence and Statistics},
  pages = 	 {249--256},
  year = 	 {2010},
  editor = 	 {Teh, Y.W. and Titterington, M.},
  volume = 	 {9},
  series = 	 {Proceedings of Machine Learning Research},
  address = 	 {Chia Laguna Resort, Sardinia, Italy},
  month = 	 {5},
  publisher =    {PMLR},
  url = 	 {https://proceedings.mlr.press/v9/glorot10a.html},
}


@article{singh2022,
title = {Feature wise normalization: {A}n effective way of normalizing data},
journal = {Pattern Recognition},
volume = {122},
pages = {108307},
year = {2022},
issn = {0031-3203},
url = {https://doi.org/10.1016/j.patcog.2021.108307},
author = {Singh, D. and Singh, B.},
}
@article{faisal2023,
	title        = {Surrogate modeling of articular cartilage degradation to understand the synergistic role of {MMP-1} and {MMP-9}: {A} case study},
	author       = {Faisal, T.R. and Adouni, M. and Dhaher, Y.Y.},
	year         = 2023,
	journal      = {Biomechanics and Modeling in Mechanobiology},
	volume       = 22,
	number       = 1,
	pages        = {43--56},
	url          = {https://doi.org/10.1007/s10237-022-01630-0},
	issn         = {1617-7940}
}

@inproceedings{klambauer2017,
 author = {Klambauer, G. and Unterthiner, T. and Mayr, A. and Hochreiter, S.},
 booktitle = {Advances in Neural Information Processing Systems},
 editor = {I. Guyon and U. Von Luxburg and S. Bengio and H. Wallach and R. Fergus and S. Vishwanathan and R. Garnett},
 pages = {},
 publisher = {Curran Associates, Inc.},
 title = {Self-normalizing neural networks},
 url = {https://doi.org/10.48550/arXiv.1706.02515},
 volume = {30},
 year = {2017}
}
 @article{holzapfel2021,
author = {Holzapfel, G.A. and Linka, K. and others},title = {Predictive constitutive modelling of arteries by deep learning},journal = {Journal of The Royal Society Interface},volume = {18},number = {182},pages = {20210411},year = {2021},url = {https://doi.org/10.1098/rsif.2021.0411}
}

 @article{liang2018b,
title={A machine learning approach as a surrogate of finite element analysis-based inverse method to estimate the zero-pressure geometry of human thoracic aorta}, volume={34}, ISSN={20407939}, number={8}, journal={International Journal for Numerical Methods in Biomedical Engineering}, author={Liang, L. and Liu, M. and others}, year={2018}, month={8}, pages={e3103},url={https://doi.org/10.1002/cnm.3103}
}
@article{pant2021,
    author = {Pant, P. and Doshi, R. and others},
    title = "{Deep learning for reduced order modelling and efficient temporal evolution of fluid simulations}",
    journal = {Physics of Fluids},
    volume = {33},
    number = {10},
    pages = {107101},
    year = {2021},
    month = {10},
    issn = {1070-6631},
    url = {https://doi.org/10.1063/5.0062546},
}
@article{parida2023a,
title = {Earthquake data augmentation using wavelet transform for training deep learning based surrogate models of nonlinear structures},
journal = {Structures},
volume = {55},
pages = {638-649},
year = {2023},
issn = {2352-0124},
url = {https://doi.org/10.1016/j.istruc.2023.05.122},
author = {Parida, S.S. and Bose, S. and Apostolakis, G.},
}
@Article{occhetta2019,
author={Occhetta, P.
and Mainardi, A.
and Votta, E.
and others},
title={Hyperphysiological compression of articular cartilage induces an osteoarthritic phenotype in a cartilage-on-a-chip model},
journal={Nature Biomedical Engineering},
year={2019},
month={7},
volume={3},
number={7},
pages={545-557},
issn={2157-846X},
url={https://doi.org/10.1038/s41551-019-0406-3}
}
@article{caimi2020,
title = {Prediction of post-stenting biomechanics in coarcted aortas: {A} pilot finite element study},
journal = {Journal of Biomechanics},
volume = {105},
pages = {109796},
year = {2020},
issn = {0021-9290},
url = {https://doi.org/10.1016/j.jbiomech.2020.109796},
author = {Caimi, A. and Pasquali, A. and Sturla, F. and others}
}
@article{votta2017,
author = {Votta, E. and Presicce, M. and Della Corte, A. and others},
title = {A novel approach to the quantification of aortic root in vivo structural mechanics},
journal = {International Journal for Numerical Methods in Biomedical Engineering},
volume = {33},
number = {9},
pages = {e2849},
url = {https://doi.org/10.1002/cnm.2849},
year = {2017}
}
@article{taghizadeh2020,
url = {https://dx.doi.org/10.1088/1367-2630/abadb3},
year = {2020},
month = {9},
publisher = {IOP Publishing},
volume = {22},
number = {9},
pages = {093023},
author = {Taghizadeh, S. and Witherden, F.D. and Girimaji, S.S.},
title = {Turbulence closure modeling with data-driven techniques: physical compatibility and consistency considerations},
journal = {New Journal of Physics},
}
@Article{hoffer2022,
author={Hoffer, J.G.
and Ofner, A.B.
and Rohrhofer, F.M.
and others},
title={Theory-inspired machine learning---towards a synergy between knowledge and data},
journal={Welding in the World},
year={2022},
month={7},
day={01},
volume={66},
number={7},
pages={1291-1304},
issn={1878-6669},
url={https://doi.org/10.1007/s40194-022-01270-z}
}


@article{nourbakhsh2018,
title = {Generalizable surrogate model features to approximate stress in 3D trusses},
journal = {Engineering Applications of Artificial Intelligence},
volume = {71},
pages = {15-27},
year = {2018},
issn = {0952-1976},
url = {https://doi.org/10.1016/j.engappai.2018.01.006},
author = {Nourbakhsh, M. and Irizarry, J. and Haymaker, J.},
}
@article{gao2021,
title = {{PhyGeoNet: Physics}-informed geometry-adaptive convolutional neural networks for solving parameterized steady-state PDEs on irregular domain},
journal = {Journal of Computational Physics},
volume = {428},
pages = {110079},
year = {2021},
issn = {0021-9991},
url = {https://doi.org/10.1016/j.jcp.2020.110079},
author = {Gao, H. and others},
}
@article{dong2022,
title = {A part-scale, feature-based surrogate model for residual stresses in the laser powder bed fusion process},
journal = {Journal of Materials Processing Technology},
volume = {304},
pages = {117541},
year = {2022},
issn = {0924-0136},
url = {https://doi.org/10.1016/j.jmatprotec.2022.117541},
author = {Dong, G. and others},
}
@article{parida2023,
title = {{SVD} enabled data augmentation for machine learning based surrogate modeling of non-linear structures},
journal = {Engineering Structures},
volume = {280},
pages = {115600},
year = {2023},
issn = {0141-0296},
url = {https://doi.org/10.1016/j.engstruct.2023.115600},
author = {Parida, S.S. and Bose, S. and Butcher, M. and others},
}
@Article{zhao2021,
author={Zhao, X.
and Gong, Z.
and Zhang, J.
and others},
title={A surrogate model with data augmentation and deep transfer learning for temperature field prediction of heat source layout},
journal={Structural and Multidisciplinary Optimization},
year={2021},
month={10},
day={01},
volume={64},
number={4},
pages={2287-2306},
issn={1615-1488},
url={https://doi.org/10.1007/s00158-021-02983-3}
}
@book{forrester2008,
	title        = {Engineering Design via Surrogate Modelling},
	author       = {Forrester, A.I.J. and S{\'{o}}bester, A. and Keane, A.J.},
	year         = 2008,
	publisher    = {Wiley},
	url          = {https://doi.org/10.1002/9780470770801}
}
@article{arbabi2016b,
	title        = {Combined inverse-forward artificial neural networks for fast and accurate estimation of the diffusion coefficients of cartilage based on multi-physics models},
	author       = {Arbabi, V. and Pouran, B. and Weinans, H. and others},
	year         = 2016,
	journal      = {Journal of Biomechanics},
	volume       = 49,
	number       = 13,
	pages        = {2799--2805},
	issn         = {0021-9290},
	url          = {https://doi.org/10.1016/j.jbiomech.2016.06.019}
}
@article{arbabi2016a,
	title        = {Determination of the mechanical and physical properties of cartilage by coupling poroelastic-based finite element models of indentation with artificial neural networks},
	author       = {Arbabi, V. and Pouran, B. and Campoli, G. and others},
	year         = 2016,
	journal      = {Journal of Biomechanics},
	volume       = 49,
	number       = 5,
	pages        = {631--637},
	issn         = {0021-9290},
	url          = {https://doi.org/10.1016/j.jbiomech.2015.12.014}
}
@misc{reynolds2017,
author = {Reynolds, M. and Rae, J. and Fidjeland, A. and others},
title = {{Open sourcing Sonnet - a new library for constructing neural networks}},
note={\url{https://www.deepmind.com/blog/open-sourcing-sonnet-a-new-library-for-constructing-neural-networks} (retrieved on 28/04/22)},
year = {2017}
}
@inproceedings{paiva2012,
	title        = {A data-driven surrogate model to connect scales between multi-domain biomechanics simulations},
	author       = {Paiva, G. and Bhashyam, S. and Thiagarajan, G. and others},
	year         = 2012,
	booktitle    = {Annual International Conference of the IEEE Engineering in Medicine and Biology Society},
	volume       = {},
	number       = {},
	pages        = {3077--3080},
	url          = {https://doi.org/10.1109/EMBC.2012.6346614}
}
@article{pedregosa2011,
 title={{Scikit-learn: Machine} learning in {P}ython},
 author={Pedregosa, F. and Varoquaux, G. and Gramfort, A. and others},
 journal={Journal of Machine Learning Research},
 volume={12},
 pages={2825--2830},
 year={2011},
 url={https://doi.org/10.48550/arXiv.1201.0490}
}
@article{kalyuzhnyuk2019, title={Neural networks and data-driven surrogate models for simulation of steady-state fracture growth}, volume={42}, ISSN={16058119}, url={http://dx.doi.org/10.18720/MPM.4232019_10}, number={3}, journal={Materials Physics and Mechanics}, author={Kalyuzhnyuk, A.V. and Lapin, R.L. and Murachev, A.S. and others}, year={2019}, pages={351–-358}}

@article{gao2020,
  author       = {Gao, F. and Zhong, H.},
  title        = {Study on the large batch size training of neural networks based on the second order gradient},
  journal      = {CoRR},
  volume       = {abs/2012.08795},
  year         = {2020},
  url          = {https://doi.org/10.48550/arXiv.2012.08795},
  eprinttype    = {arXiv},
  eprint       = {2012.08795},
}
 @article{gao2020b, title={A deep learning approach replacing the finite difference method for in situ stress prediction}, volume={8}, ISSN={2169-3536}, url={https://doi.org/10.1109/ACCESS.2020.2977880}, journal={IEEE Access}, author={Gao, W. and Lu, X. and others}, year={2020}, pages={44063--44074}}

@article{hunter2007,
title={Matplotlib: A 2D graphics environment}, volume={9}, ISSN={15219615}, DOI={10.1109/MCSE.2007.55}, number={3}, journal={Computing in Science and Engineering}, publisher={IEEE COMPUTER SOC}, author={Hunter, J.D.}, year={2007}, pages={90--95},
url={https://doi.org/10.1109/MCSE.2007.55}
}

@InProceedings{ioffe2015,
  title = 	 {Batch normalization: {A}ccelerating deep network training by reducing internal covariate shift},
  author = 	 {Ioffe, S. and Szegedy, C.},
  booktitle = 	 {Proceedings of the 32nd International Conference on Machine Learning},
  pages = 	 {448--456},
  year = 	 {2015},
  editor = 	 {Bach, Francis and Blei, David},
  volume = 	 {37},
  series = 	 {Proceedings of Machine Learning Research},
  address = 	 {Lille, France},
  month = 	 {7},
  publisher =    {PMLR},
  url = 	 {https://doi.org/10.48550/arXiv.1502.03167},
}

@inproceedings{kingma2015,
  author    = {Kingma, D.P.  and
               Ba, J.},
  editor    = {Yoshua Bengio and
               Yann LeCun},
  title     = {Adam: {A} method for stochastic optimization},
  booktitle = {3rd International Conference on Learning Representations, {ICLR} 2015,
               San Diego, CA, USA, May 7-9, 2015, Conference Track Proceedings},
  year      = {2015},
  doi = {10.48550/ARXIV.1412.6980},
}

@article{egli2021,
	title        = {Surrogate modeling of a nonlinear, biphasic model of articular cartilage with artificial neural networks},
	author       = {Egli, F.S. and Straube, R.C. and Mielke, A. and others},
	year         = 2021,
	journal      = {{PAMM}},
	volume       = 21,
	number       = 1,
	pages        = {e202100188},
	url          = {https://doi.org/10.1002/pamm.202100188}
}
@article{sajjadinia2022a,
	title        = {Multi-fidelity surrogate modeling through hybrid machine learning for biomechanical and finite element analysis of soft tissues},
	author       = {Sajjadinia, S.S. and Carpentieri, B. and Shriram, D. and others},
	year         = 2022,
	journal      = {Computers in Biology and Medicine},
	volume       = 148,
	pages        = 105699,
	issn         = {0010-4825},
	url          = {https://doi.org/10.1016/j.compbiomed.2022.105699}
}
@inproceedings{vulovic2021,
	title        = {Comparison of mechanical response of knee joint with healthy and damaged femoral cartilage},
	author       = {Vulovi{\'c}, A. and Filardo, G. and Filipovi{\'c}, N.},
	year         = 2021,
	booktitle    = {IEEE 21st International Conference on Bioinformatics and Bioengineering ({BIBE})},
	volume       = {},
	number       = {},
	pages        = {1--4},
	url          = {https://doi.org/10.1109/BIBE52308.2021.9635319}
}
@article{hassan2019,
	title        = {Utilization of finite element analysis for articular cartilage tissue engineering},
	author       = {Hassan, C.R. and Qin, Y.X. and Komatsu, D.E. and others},
	year         = 2019,
	journal      = {Materials},
	volume       = 12,
	number       = 20,
	issn         = {1996-1944},
	url          = {https://doi.org/10.3390/ma12203331},
	article-number = 3331
}
@INPROCEEDINGS{he2015,
  author={He, k. and Zhang, X. and Ren, S. and Sun, J.},
  booktitle={2015 IEEE International Conference on Computer Vision (ICCV)}, 
  title={Delving deep into rectifiers: {S}urpassing human-level performance on {ImageNet} classification}, 
  year={2015},
  volume={},
  number={},
  pages={1026-1034},
  doi={https://dx.doi.org/10.1109/ICCV.2015.123}}

@ARTICLE{shim2020,
author={Shim, V.B. and Holdsworth, S. and Champagne, A.A. and others},journal={IEEE Access}, title={Rapid prediction of brain injury pattern in {mTBI} by combining {FE} analysis With a machine-learning based approach},year={2020},volume={8},number={},pages={179457-179465},url={https://doi.org/10.1109/ACCESS.2020.3026350}
}
﻿@Article{lipshitz1975,
author={Lipshitz, H. and others},
title={In vitro wear of articular cartilage},
journal={JBJS},
year={1975},
volume={57},
number={4},
issn={0021-9355},
url={https://journals.lww.com/jbjsjournal/fulltext/1975/57040/in_vitro_wear_of_articular_cartilage.15.aspx}
}
@article{lai1991,
    author = {Lai, W.M. and Hou, J.S. and Mow, V.C.},
    title = "{A triphasic theory for the swelling and deformation behaviors of articular cartilage}",
    journal = {Journal of Biomechanical Engineering},
    volume = {113},
    number = {3},
    pages = {245-258},
    year = {1991},
    month = {08},
    issn = {0148-0731},
    url = {https://doi.org/10.1115/1.2894880}
}

@Inbook{lecun2012,
author="LeCun, Y.A. and Bottou, L. and others",
editor="Montavon, G. and others",
title="Efficient BackProp",
bookTitle="Neural Networks: Tricks of the Trade: Second Edition",
year="2012",
publisher="Springer Berlin Heidelberg",
address="Berlin, Heidelberg",
pages="9--48",
isbn="978-3-642-35289-8",
url="https://doi.org/10.1007/978-3-642-35289-8_3"
}
@article{phellan2021,
title={Real-time biomechanics using the finite element method and machine learning: Review and perspective}, volume={48}, ISSN={00942405}, url={https://doi.org/10.1002/mp.14602}, number={1}, journal={Medical Physics}, author={Phellan, R. and Hachem, B. and Clin, J. and others}, year={2021}, pages={7–18}
}

@article{sajjadinia2021b,
	title        = {A parametric study on the mechanical role of fibrillar rotations in an articular cartilage finite element model},
	author       = {Sajjadinia, S.S. and Haghpanahi, M.},
	year         = 2021,
	journal      = {Scientia Iranica},
	publisher    = {Sharif University of Technology},
	volume       = 28,
	number       = 2,
	pages        = {830--836},
	issn         = {1026-3098},
	url          = {https://dx.doi.org/10.24200/sci.2020.51785.2362},
	eissn        = {2345-3605}
}
 @article{giselle2019,
    author = {Giselle Fern\'{a}ndez-Godino, M. and Balachandar, S. and Haftka, R.T.},
    title = "{On the use of symmetries in building surrogate models}",
    journal = {Journal of Mechanical Design},
    volume = {141},
    number = {6},
    year = {2019},
    month = {01},
    issn = {1050-0472},
    url = {https://doi.org/10.1115/1.4042047}
}
@ARTICLE{pan2011,
  author={Pan, S.J. and Tsang, I.W. and others},
  journal={IEEE Transactions on Neural Networks}, 
  title={Domain adaptation via transfer component analysis}, 
  year={2011},
  volume={22},
  number={2},
  pages={199-210},
  url={https://doi.org/10.1109/TNN.2010.2091281}
}
@ARTICLE{zhuang2021,
  author={Zhuang, F. and Qi, Z. and Duan, K. and others},
  journal={Proceedings of the IEEE}, 
  title={A comprehensive survey on transfer learning}, 
  year={2021},
  volume={109},
  number={1},
  pages={43-76},
  url={https://doi.org/10.1109/JPROC.2020.3004555}
}
@inproceedings{prague2007,
    title = "Frustratingly easy domain adaptation",
    author = "Daum{\'e} III, H.",
    booktitle = "Proceedings of the 45th Annual Meeting of the Association of Computational Linguistics",
    month = jun,
    year = "2007",
    address = "Prague, Czech Republic",
    publisher = "Association for Computational Linguistics",
    pages = "256--263",
    url = {https://doi.org/10.48550/arXiv.0907.1815},
}
@inproceedings{dai2007,
author = {Dai, W. and others},
title = {Co-clustering based classification for out-of-domain documents},
year = {2007},
isbn = {9781595936097},
publisher = {Association for Computing Machinery},
address = {New York, NY, USA},
url = {https://doi.org/10.1145/1281192.1281218},
booktitle = {Proceedings of the 13th ACM SIGKDD International Conference on Knowledge Discovery and Data Mining},
pages = {210–219},
numpages = {10},
location = {San Jose, California, USA},
series = {KDD '07}
}
@article{pfaff2021,
title={Learning mesh-based simulation with graph networks}, ISSN={23318422}, journal={International Conference on Learning Representations}, author={Pfaff, T. and Fortunato, M. and others}, year={2021}, pages={1–-18}, url={https://doi.org/10.48550/arXiv.2010.03409}}
@article{shapiro2001,
title = {Water distribution patterns inside bovine articular cartilage as visualized by1H magnetic resonance imaging},
journal = {Osteoarthritis and Cartilage},
volume = {9},
number = {6},
pages = {533-538},
year = {2001},
issn = {1063-4584},
url = {https://doi.org/10.1053/joca.2001.0428},
author = {Shapiro, E.M. and Borthakur, A. and Kaufman, J.H. and others},
}
@article{fuhg2019,
  TITLE = {Surrogate model approach for investigating the stability of a friction-induced oscillator of {D}uffing's type},
  AUTHOR = {Fuhg, J.N. and Fau, A.},
  JOURNAL = {Nonlinear Dynamics},
  PUBLISHER = {Springer Verlag},
  VOLUME = {98},
  NUMBER = {3},
  PAGES = {1709-1729},
  YEAR = {2019},
  url = {https://doi.org/10.1007/s11071-019-05281-2},
}
@inproceedings{li2020,
 author = {Li, Z. and Kovachki, N. and Azizzadenesheli, K. and others},
 booktitle = {Advances in Neural Information Processing Systems},
 editor = {Larochelle, H. and Ranzato, M. and Hadsell, R. and others},
 pages = {6755--6766},
 publisher = {Curran Associates, Inc.},
 title = {Multipole graph neural operator for parametric partial differential equations},
 url = {https://doi.org/10.48550/arXiv.2006.09535},
 volume = {33},
 year = {2020}
}
@InProceedings{cao2023,
  title = 	 {Efficient learning of mesh-based physical simulation with bi-stride multi-scale graph neural network},
  author =       {Cao, Y. and Chai, M. and others},
  booktitle = 	 {Proceedings of the 40th International Conference on Machine Learning},
  pages = 	 {3541--3558},
  year = 	 {2023},
  editor = 	 {Krause, A. and Brunskill, E. and Cho, K. and others},
  volume = 	 {202},
  series = 	 {Proceedings of Machine Learning Research},
  month = 	 {7},
  publisher =    {PMLR},
  url = 	 {https://doi.org/10.48550/arXiv.2210.02573},
}
@inproceedings{fortunato2022,
title={MultiScale {MeshGraphNets}},
author={Fortunato, M. and Pfaff, T. and Wirnsberger, P. and others},
booktitle={ICML 2022 2nd AI for Science Workshop},
year={2022},
url={https://doi.org/10.48550/arXiv.2210.00612}
}
@InProceedings{sanchez2020,
  title = 	 {Learning to simulate complex physics with graph networks},
  author =       {Sanchez-Gonzalez, A. and Godwin, J. and Pfaff, T. and others},
  booktitle = 	 {Proceedings of the 37th International Conference on Machine Learning},
  pages = 	 {8459--8468},
  year = 	 {2020},
  volume = 	 {119},
  series = 	 {Proceedings of Machine Learning Research},
  month = 	 {7},
  publisher =    {PMLR},
  url={https://doi.org/10.48550/arXiv.2002.09405}
}
@book{molnar2019,
title = {Interpretable machine learning}, author = {Molnar, C.}, year = {2019}, subtitle = {A Guide for Making Black Box Models Explainable}, url = {https://christophm.github.io/interpretable-ml-book}
}

@article{orozco2022,
	title        = {Crack propagation in articular cartilage under cyclic loading using cohesive finite element modeling},
	author       = {Orozco, G.A. and Tanska, P. and Gustafsson, A. and others},
	year         = 2022,
	journal      = {Journal of the Mechanical Behavior of Biomedical Materials},
	volume       = 131,
	pages        = 105227,
	issn         = {1751-6161},
	url          = {https://doi.org/10.1016/j.jmbbm.2022.105227}
}
@article{freutel2014,
	title        = {Finite element modeling of soft tissues: {Material} models, tissue interaction and challenges},
	author       = {Freutel, M. and Schmidt, H. and D{\"u}rselen, L. and others},
	year         = 2014,
	journal      = {Clinical Biomechanics},
	publisher    = {Elsevier},
	volume       = 29,
	number       = 4,
	pages        = {363--372},
	issn         = {0268-0033},
	url          = {https://doi.org/10.1016/j.clinbiomech.2014.01.006}
}
@article{shirazi2008,
	title        = {Deep vertical collagen fibrils play a significant role in mechanics of articular cartilage},
	author       = {Shirazi, R. and Shirazi-Adl, A.},
	year         = 2008,
	journal      = {Journal of Orthopaedic Research},
	volume       = 26,
	number       = 5,
	pages        = {608--615},
	url          = {https://doi.org/10.1002/jor.20537},
	keywords     = {vertical fibrils, collagen networks, cartilage, indentation, finite element method}
}
@article{baydin2018,
  author  = {Baydin, A.G. and Pearlmutter, B.A. and others},
  title   = {Automatic differentiation in machine learning: a survey},
  journal = {Journal of Machine Learning Research},
  year    = {2018},
  volume  = {18},
  number  = {153},
  pages   = {1--43},
  url     = {https://doi.org/10.48550/arXiv.1502.05767}
}
@inproceedings{kluyver2016,
booktitle = {Positioning and Power in Academic Publishing: Players, Agents and Agendas},  author={Thomas K. and others},url = {http://dx.doi.org/10.3233/978-1-61499-649-1-87},editor = {Loizides, F. and Schmidt, B.},isbn = {9781614996484},organization = {IOS Press},pages = {87--90},publisher = {IOS Press},title = {{Jupyter Notebooks -- a publishing format for reproducible computational workflows}},year = {2016}
}
@article{narmoneva1999,
title = {Nonuniform swelling-induced residual strains in articular cartilage},
journal = {Journal of Biomechanics},
volume = {32},
number = {4},
pages = {401-408},
year = {1999},
issn = {0021-9290},
url = {https://doi.org/10.1016/S0021-9290(98)00184-5},
author = {Narmoneva, D.A. and Wang, J.Y. and Setton, L.A.},
}
@Inbook{setton1996,
author="Setton, L.A. and Gu, W. and others",
editor="Selvadurai, A.P.S.",
title="Predictions of the swelling-induced pre-stress in articular cartilage",
bookTitle="Mechanics of Poroelastic Media",
year="1996",
publisher="Springer Netherlands",
address="Dordrecht",
pages="299--320",
isbn="978-94-015-8698-6",
url="https://doi.org/10.1007/978-94-015-8698-6_17"
}
@article{motavalli2014,
	title        = {Depth-dependent shear behavior of bovine articular cartilage: {Relationship} to structure},
	author       = {Motavalli, M. and Akkus, O. and Mansour, J.M.},
	year         = 2014,
	journal      = {Journal of Anatomy},
	volume       = 225,
	number       = 5,
	pages        = {519--526},
	url          = {https://doi.org/10.1111/joa.12230}
}
@article{harris2020,
title={Array programming with {NumPy}}, volume={585}, number={7825}, journal={Nature}, publisher={Springer Science and Business Media {LLC}}, author={Harris, C.R. and Millman, K.J. and others}, year={2020}, month={9}, pages={357–362}, URL={https://doi.org/10.1038/s41586-020-2649-2}
}
@ARTICLE{virtanen2020,
  author  = {Virtanen, P. and Gommers, R. and Oliphant, T.E. and others},
  title   = {{SciPy} 1.0: {Fundamental} algorithms for scientific computing in {Python}},
  journal = {Nature Methods},
  year    = {2020},
  volume  = {17},
  pages   = {261--272},
  url  = {https://doi.org/10.1038/s41592-019-0686-2},
}
@article{abadi2015,
title={{TensorFlow}: {L}arge-scale machine learning on heterogeneous systems}, note={Software available from tensorflow.org}, author={Abadi, M. and Agarwal, A. and Barham, P. and others}, year={2015}, url={https://doi.org/10.48550/arXiv.1603.04467}
}

 @online{chollet2015,
title={Keras},author={Chollet, F. and others},year={2015},publisher={GitHub},url={https://github.com/fchollet/keras}
}
@article{clark1985,
	title        = {The organization of collagen in cryofractured rabbit articular cartilage: {A} scanning electron microscopic study},
	author       = {Clark, J.M.},
	year         = 1985,
	journal      = {Journal of Orthopaedic Research},
	volume       = 3,
	number       = 1,
	pages        = {17--29},
	url          = {https://doi.org/10.1002/jor.1100030102}
}
@inproceedings{vincent2008,
author = {Vincent, P. and Larochelle, H. and others},
title = {Extracting and composing robust features with denoising autoencoders},
year = {2008},
isbn = {9781605582054},
publisher = {Association for Computing Machinery},
address = {New York, NY, USA},
url = {https://doi.org/10.1145/1390156.1390294},
booktitle = {Proceedings of the 25th International Conference on Machine Learning},
pages = {1096--1103},
numpages = {8},
location = {Helsinki, Finland},
series = {ICML '08}
}
@article{hinton2006,
author = {Hinton, G.E.  and Salakhutdinov, R.R.},
title = {Reducing the dimensionality of data with neural networks},
journal = {Science},
volume = {313},
number = {5786},
pages = {504-507},
year = {2006},
URL = {https://doi.org/10.1126/science.1127647},
}
@article{mow1980,
	title        = {{Biphasic creep and stress relaxation of articular cartilage in compression: {Theory} and experiments}},
	author       = {Mow, V.C. and Kuei, S.C. and Lai, W.M. and others},
	year         = 1980,
	journal      = {Journal of Biomechanical Engineering},
	volume       = 102,
	number       = 1,
	pages        = {73--84},
	doi          = {10.1115/1.3138202},
	issn         = {0148-0731},
	url          = {https://doi.org/10.1115/1.3138202}
}

@article{wilson2005,
    title = {A fibril-reinforced poroviscoelastic swelling model for articular cartilage},
    author = {Wilson, W. and {van Donkelaar}, C.C. and {van Rietbergen}, B. and Huiskes, R.},
    journal = {Journal of Biomechanics},
    volume = {38},
    number = {6},
    pages = {1195-1204},
    year = {2005},
    issn = {0021-9290},
    url = {https://doi.org/10.1016/j.jbiomech.2004.07.003},
}
@article{wilson2004a,
	title        = {Stresses in the local collagen network of articular cartilage: {A} poroviscoelastic fibril-reinforced finite element study},
	author       = {Wilson, W. and {van Donkelaar}, C.C. and {van Rietbergen}, B. and others},
	year         = 2004,
	journal      = {Journal of Biomechanics},
	volume       = 37,
	number       = 3,
	pages        = {357--366},
	issn         = {0021-9290},
	url          = {https://doi.org/10.1016/S0021-9290(03)00267-7}
}

@article{bielajew2020,
	title        = {Collagen: {Quantification}, biomechanics and role of minor subtypes in cartilage},
	author       = {Bielajew, B.J. and Hu, J.C. and Athanasiou, K.A.},
	year         = 2020,
	journal      = {Nature Reviews Materials},
	volume       = 5,
	number       = 10,
	pages        = {730--747},
	issn         = {2058-8437},
	url          = {https://doi.org/10.1038/s41578-020-0213-1}
}
@article{laurent2007, 
	title        = {Collagen fibrils: {Nanoscale} ropes},
	author       = {Bozec, L. and {van der Heijden}, G. and Horton, M.},
	year         = 2007,
	journal      = {Biophysical Journal},
	volume       = 92,
	number       = 1,
	pages        = {70--75},
	issn         = {0006-3495},
	url          = {https://doi.org/10.1529/biophysj.106.085704}
}
@article{robinson2016,
title = {Mechanical properties of normal and osteoarthritic human articular cartilage},
journal = {Journal of the Mechanical Behavior of Biomedical Materials},
volume = {61},
pages = {96-109},
year = {2016},
issn = {1751-6161},
url = {https://doi.org/10.1016/j.jmbbm.2016.01.015},
author = {Robinson, D.L. and Kersh, M.E. and Walsh, N.C. and others},
}
@article{Eschweiler2021,
	title        = {The biomechanics of cartilage—an overview},
	author       = {Eschweiler, J. and Horn, N. and Rath, B. and others},
	year         = 2021,
	journal      = {Life},
	volume       = 11,
	number       = 4,
	issn         = {2075-1729},
	url          = {https://doi.org/10.3390/life11040302},
	article-number = 302
}
@Article{erdemir2016,
author={Erdemir, A.},
title={{Open Knee: O}pen source modeling and simulation in knee biomechanics},
journal={J Knee Surg},
year={2016},
month={2},
day={08},
edition={2015/10/07},
publisher={Thieme Medical Publishers},
volume={29},
number={02},
pages={107-116},
issn={1538-8506},
url={https://doi.org/10.1055/s-0035-1564600},
language={EN}
}



@article{elliott2002,
    author = {Elliott, D.M. and Narmoneva, D.A. and Setton, L.A.},
    title = "{Direct measurement of the poisson’s ratio of human patella cartilage in tension}",
    journal = {Journal of Biomechanical Engineering},
    volume = {124},
    number = {2},
    pages = {223-228},
    year = {2002},
    month = {03},
    issn = {0148-0731},
    doi = {10.1115/1.1449905},
    url = {https://doi.org/10.1115/1.1449905},
}
@article{quiroga2017,
	title        = {Relative contribution of articular cartilage's constitutive components to load support depending on strain rate},
	author       = {Quiroga, J.M.P. and Wilson, W. and Ito, K. and others},
	year         = 2017,
	journal      = {Biomechanics and Modeling in Mechanobiology},
	volume       = 16,
	number       = 1,
	pages        = {151--158},
	issn         = {1617-7940},
	url          = {https://doi.org/10.1007/s10237-016-0807-0}
}
@article{julkunen2008,
title = {Stress–relaxation of human patellar articular cartilage in unconfined compression: {P}rediction of mechanical response by tissue composition and structure},
journal = {Journal of Biomechanics},
volume = {41},
number = {9},
pages = {1978-1986},
year = {2008},
issn = {0021-9290},
url = {https://doi.org/10.1016/j.jbiomech.2008.03.026},
author = {Julkunen, P. and Wilson, W. and Jurvelin, J.S. and others},
}
@article{cederlund2022,
	title        = {Walking on water: {Revisiting} the role of water in articular cartilage biomechanics in relation to tissue engineering and regenerative medicine},
	author       = {Cederlund, A.A. and Aspden, R.M.},
	year         = 2022,
	journal      = {Journal of The Royal Society Interface},
	volume       = 19,
	number       = 193,
	pages        = 20220364,
	url          = {https://doi.org/10.1098/rsif.2022.0364}
}
@inproceedings{rieppo2004,
  title={Spatial determination of water, collagen and proteoglycan contents by Fourier transform infrared imaging and digital densitometry},
  author={Rieppo, J. and Hyttinen, M.M. and Lappalainen, R. and others},
  year={2004},
  booktitle={50th Annual Meeting of the Orthopaedic Research Society},
}
@article{lin2020,
	title        = {The role of hyaluronic acid in cartilage boundary lubrication},
	author       = {Lin, W. and Liu, Z. and Kampf, N. and others},
	year         = 2020,
	journal      = {Cells},
	volume       = 9,
	number       = 7,
	issn         = {2073-4409},
	url          = {https://doi.org/10.3390/cells9071606},
	article-number = 1606,
	pubmedid     = 32630823
}
@Article{hosseini2014,
author={Hosseini, S.M. and Wilson, W. and others},
title={A numerical model to study mechanically induced initiation and progression of damage in articular cartilage},
journal={Osteoarthritis and Cartilage},
year={2014},
month={1},
day={01},
publisher={Elsevier},
volume={22},
number={1},
pages={95-103},
issn={1063-4584},
url={https://doi.org/10.1016/j.joca.2013.10.010}
}
@article{cai2021,
author = {Cai, L.  and Ren, L.  and Wang, Y.  and others},
title = {Surrogate models based on machine learning methods for parameter estimation of left ventricular myocardium},
journal = {Royal Society Open Science},
volume = {8},
number = {1},
pages = {201121},
year = {2021},
URL = {https://doi.org/10.1098/rsos.201121}
}

@article{kashinath2021,
author = {Kashinath, K.  and Mustafa, M.  and Albert, A.  and others},
title = {Physics-informed machine learning: case studies for weather and climate modelling},
journal = {Philosophical Transactions of the Royal Society A: Mathematical, Physical and Engineering Sciences},
volume = {379},
number = {2194},
pages = {20200093},
year = {2021},
URL = {https://doi.org/10.1098/rsta.2020.0093},
}
@article{linka2021,
title = {Constitutive artificial neural networks: {A} fast and general approach to predictive data-driven constitutive modeling by deep learning},
journal = {Journal of Computational Physics},
volume = {429},
pages = {110010},
year = {2021},
issn = {0021-9991},
url = {https://doi.org/10.1016/j.jcp.2020.110010},
author = {Linka, K. and others},
}
@article{hoerig2020,
doi = {10.1088/1361-6560/ab7505},
url = {https://dx.doi.org/10.1088/1361-6560/ab7505},
year = {2020},
month = {3},
publisher = {IOP Publishing},
volume = {65},
number = {6},
pages = {065011},
author = {Hoerig, C. and Ghaboussi, J. and Insana, M.,F.},
title = {Physics-guided machine learning for {3-D} quantitative quasi-static elasticity imaging},
journal = {Physics in Medicine \& Biology},
}
@article{coutinho2023,
title = {Physics-informed neural networks with adaptive localized artificial viscosity},
journal = {Journal of Computational Physics},
volume = {489},
pages = {112265},
year = {2023},
issn = {0021-9991},
url = {https://doi.org/10.1016/j.jcp.2023.112265},
author = {Coutinho, E.J.R. and others},
}
@Article{cai2021b,
author={Cai, S.
and Mao, Z.
and Wang, Z.
and others},
title={Physics-informed neural networks {(PINNs)} for fluid mechanics: a review},
journal={Acta Mechanica Sinica},
year={2021},
month={12},
day={01},
volume={37},
number={12},
pages={1727-1738},
issn={1614-3116},
url={https://doi.org/10.1007/s10409-021-01148-1}
}
@Article{karniadakis2021,
author={Karniadakis, G.E.
and Kevrekidis, I.G.
and Lu, L.
and others},
title={Physics-informed machine learning},
journal={Nature Reviews Physics},
year={2021},
month={6},
day={01},
volume={3},
number={6},
pages={422-440},
issn={2522-5820},
url={https://doi.org/10.1038/s42254-021-00314-5}
}
@article{fuks2020,
	author  = {Fuks, O. and Tchelepi, H.A.},
	title   = {Limitations of physics informed machine learning for nonlinear two-phase transport in porous media},
	journal = {Journal of Machine Learning for Modeling and Computing},
	issn    = {2689-3967},
	year    = {2020},
	volume  = {1},
	number  = {1},
	pages   = {19--37}
}
@article{liu2019,
author = {Liu, G.R.},
title = {{FEA-AI and AI-AI: T}wo-way {Deepnets} for real-time computations for both forward and inverse mechanics problems},
journal = {International Journal of Computational Methods},
volume = {16},
number = {08},
pages = {1950045},
year = {2019},
URL = {https://doi.org/10.1142/S0219876219500452}
}
@article{martinez2017,
title = {A finite element-based machine learning approach for modeling the mechanical behavior of the breast tissues under compression in real-time},
journal = {Computers in Biology and Medicine},
volume = {90},
pages = {116-124},
year = {2017},
issn = {0010-4825},
url = {https://doi.org/10.1016/j.compbiomed.2017.09.019},
author = {Mart{\'\i}nez-Mart{\'\i}nez, F. and Rup{\'e}rez-Moreno, M.J. and others},
}
@Article{zhang2021,
author={Zhang, L. and others},
title={Multi-fidelity surrogate model-assisted fatigue analysis of welded joints},
journal={Structural and Multidisciplinary Optimization},
year={2021},
month={6},
day={01},
volume={63},
number={6},
pages={2771-2787},
issn={1615-1488},
url={https://doi.org/10.1007/s00158-020-02840-9}
}
@article{niroomandi2012,
title = {Accounting for large deformations in real-time simulations of soft tissues based on reduced-order models},
journal = {Computer Methods and Programs in Biomedicine},
volume = {105},
number = {1},
pages = {1-12},
year = {2012},
issn = {0169-2607},
url = {https://doi.org/10.1016/j.cmpb.2010.06.012},
author = {Niroomandi, S. and Alfaro, I. and others},
}
@article{pellicer-valero2020,
title = {Real-time biomechanical modeling of the liver using Machine Learning models trained on Finite Element Method simulations},
journal = {Expert Systems with Applications},
volume = {143},
pages = {113083},
year = {2020},
issn = {0957-4174},
url = {https://doi.org/10.1016/j.eswa.2019.113083},
author = {Pellicer-Valero, O.J. and Rup{\'e}rez, M.J. and others},
}

@Inbook{cueto2014,
author="Cueto, E.
and Chinesta, F.
and Huerta, A.",
editor="Chinesta, F.
and Ladev{\`e}ze, P.",
title="Model order reduction based on proper orthogonal decomposition",
bookTitle="Separated Representations and PGD-Based Model Reduction: Fundamentals and Applications",
year="2014",
publisher="Springer Vienna",
address="Vienna",
pages="1--26",
isbn="978-3-7091-1794-1",
url="https://doi.org/10.1007/978-3-7091-1794-1_1"
}
@article{lauzeral2019,
title = {A model order reduction approach to create patient-specific mechanical models of human liver in computational medicine applications},
journal = {Computer Methods and Programs in Biomedicine},
volume = {170},
pages = {95-106},
year = {2019},
issn = {0169-2607},
url = {https://doi.org/10.1016/j.cmpb.2019.01.003},
author = {Lauzeral, N. and Borzacchiello, D. and Kugler, M. and others},
}
@article{zhou2017,
title = {A variable fidelity information fusion method based on radial basis function},
journal = {Advanced Engineering Informatics},
volume = {32},
pages = {26-39},
year = {2017},
issn = {1474-0346},
url = {https://doi.org/10.1016/j.aei.2016.12.005},
author = {Zhou, Q. and Jiang, P. and Shao, X. and others},
}
@article{peherstorfer2018,
author = {Peherstorfer, B. and Willcox, K. and Gunzburger, M.},
title = {Survey of Multifidelity Methods in Uncertainty Propagation, Inference, and Optimization},
journal = {SIAM Review},
volume = {60},
number = {3},
pages = {550-591},
year = {2018},
URL = {https://doi.org/10.1137/16M1082469}
}
@Article{johnsen2015,
author={Johnsen, S.F. and Taylor, Z.A. and Clarkson, M.J. and others},
title={{NiftySim: A GPU}-based nonlinear finite element package for simulation of soft tissue biomechanics},
journal={International Journal of Computer Assisted Radiology and Surgery},
year={2015},
month={7},
day={01},
volume={10},
number={7},
pages={1077-1095},
issn={1861-6429},
url={https://doi.org/10.1007/s11548-014-1118-5}
}
@Article{marinkovic2019,
AUTHOR = {Marinkovic, D. and Zehn, M.},
TITLE = {Survey of finite element method-based real-time simulations},
JOURNAL = {Applied Sciences},
VOLUME = {9},
YEAR = {2019},
NUMBER = {14},
ARTICLE-NUMBER = {2775},
URL = {https://doi.org/10.3390/app9142775},
ISSN = {2076-3417},
}
@Article{frank2020,
AUTHOR = {Frank, M. and Drikakis, D. and Charissis, V.},
TITLE = {Machine-learning methods for computational science and engineering},
JOURNAL = {Computation},
VOLUME = {8},
YEAR = {2020},
NUMBER = {1},
ARTICLE-NUMBER = {15},
URL = {https://doi.org/10.3390/computation8010015},
ISSN = {2079-3197},
}
@INPROCEEDINGS{martin-guerrero2016,
  author={Martin-Guerrero, J.D. and Ruperez-Moreno, M.J. and Martinez-Martinez, F. and others},
  booktitle={2016 IEEE 16th International Conference on Data Mining Workshops (ICDMW)}, 
  title={Machine learning for modeling the biomechanical behavior of human soft tissue}, 
  year={2016},
  volume={},
  number={},
  pages={247-253},
  url={https://doi.org/10.1109/ICDMW.2016.0042}
  }
@article{jahya2013,
author = {Jahya, A. and Herink, M. and Misra, S.},
title = {A framework for predicting three-dimensional prostate deformation in real time},
journal = {The International Journal of Medical Robotics and Computer Assisted Surgery},
volume = {9},
number = {4},
pages = {e52-e60},
keywords = {finite element, neural network, surgical simulation system, back-propagation algorithm, prostate, biopsy, real time, needle insertion, ultrasound},
url = {https://doi.org/10.1002/rcs.1493},
year = {2013}
}
@article{hintze1998,
author = {Hintze, J.L. and Nelson, R.D.},
title = {Violin plots: {A} box plot-density trace synergism},
journal = {The American Statistician},
volume = {52},
number = {2},
pages = {181-184},
year = {1998},
publisher = {Taylor \& Francis},
URL = {https://doi.org/10.1080/00031305.1998.10480559}
}
@incollection{gomez2020,
	title        = {1.3.6 -- Natural materials},
	author       = {G{\'o}mez-Florit, M. and Domingues, R.M.A. and Bakht, S.M. and others},
	year         = 2020,
	booktitle    = {Biomaterials Science},
	publisher    = {Academic Press},
	pages        = {361--375},
	isbn         = {978-0-12-816137-1},
	url          = {https://doi.org/10.1016/B978-0-12-816137-1.00026-X},
	editor       = {Wagner, W.R. and Sakiyama-Elbert, S.E. and Zhang, G. and others},
	edition      = {4th}
}
@article{kiani2002,
	title        = {Structure and function of aggrecan},
	author       = {Kiani, C. and Chen, L. and Wu, Y.J. and others},
	year         = 2002,
	journal      = {Cell Research},
	volume       = 12,
	number       = 1,
	pages        = {19--32},
	issn         = {1748-7838},
	url          = {https://doi.org/10.1038/sj.cr.7290106}
}
@article{dudhia2005,
	title        = {Aggrecan, aging and assembly in articular cartilage},
	author       = {Dudhia, J.},
	year         = 2005,
	journal      = {Cellular and Molecular Life Sciences {CMLS}},
	volume       = 62,
	number       = 19,
	pages        = {2241--2256},
	issn         = {1420-9071},
	url          = {https://doi.org/10.1007/s00018-005-5217-x}
}
@incollection{johnson2021,
	title        = {1 - Basic principles of osmosis and osmotic pressure},
	author       = {Johnson, D. and Hashaikeh, R. and Hilal, N.},
	year         = 2021,
	booktitle    = {Osmosis Engineering},
	publisher    = {Elsevier},
	pages        = {1--15},
	isbn         = {978-0-12-821016-1},
	url          = {https://doi.org/10.1016/B978-0-12-821016-1.00011-5},
	editor       = {Hilal, N. and Ismail, A.F. and Khayet, M. and others}
}
@article{saarinen1993,
author = {Saarinen, S. and Bramley, R. and Cybenko, G.},
title = {Ill-conditioning in neural network training problems},
journal = {SIAM Journal on Scientific Computing},
volume = {14},
number = {3},
pages = {693-714},
year = {1993},
URL = {https://doi.org/10.1137/0914044}
}
@article{paz2022,
	title        = {A novel knee joint model in {FEBio} with inhomogeneous fibril-reinforced biphasic cartilage simulating tissue mechanical responses during gait: {Data} from the osteoarthritis initiative},
	author       = {Paz, A. and Orozco, G.A. and Tanska, P. and others},
	year         = 2022,
	journal      = {Computer Methods in Biomechanics and Biomedical Engineering},
	publisher    = {Taylor {\&} Francis},
	volume       = {0},
	number       = {0},
	pages        = {1--15},
	url          = {https://doi.org/10.1080/10255842.2022.2117548}
}
@article{pandolfi2008,
    author = {Pandolfi, A. and Holzapfel, G.A.},
    title = "{Three-dimensional modeling and computational analysis of the human cornea considering distributed collagen fibril orientations}",
    journal = {Journal of Biomechanical Engineering},
    volume = {130},
    number = {6},
    pages = {061006},
    year = {2008},
    month = {10},
    issn = {0148-0731},
    doi = {10.1115/1.2982251},
    url = {https://doi.org/10.1115/1.2982251},
}




@article{klika2016,
	title        = {An overview of multiphase cartilage mechanical modelling and its role in understanding function and pathology},
	author       = {Klika, V. and Gaffney, E.A. and Chen, Y.C. and others},
	year         = 2016,
	journal      = {Journal of the Mechanical Behavior of Biomedical Materials},
	volume       = 62,
	pages        = {139--157},
	issn         = {1751-6161},
	url          = {https://doi.org/10.1016/j.jmbbm.2016.04.032}
}
@article{fulin2006,
author = {Lei, F. and Szeri, A.Z.},
title = {The influence of fibril organization on the mechanical behaviour of articular cartilage},
journal = {Proceedings of the Royal Society A: Mathematical, Physical and Engineering Sciences},
volume = {462},
number = {2075},
pages = {3301-3322},
year = {2006},
url = {https://doi.org/10.1098/rspa.2006.1732}
}



@article{moreno2019,
	title        = {Cartilage biomechanics: {A} key factor for osteoarthritis regenerative medicine},
	author       = {Mart{\'\i}nez-Moreno, D. and Jim{\'e}nez, G. and G{\'a}lvez-Mart{\'\i}n, P. and others},
	year         = 2019,
	journal      = {Biochimica et Biophysica Acta ({BBA}) - Molecular Basis of Disease},
	volume       = 1865,
	number       = 6,
	pages        = {1067--1075},
	issn         = {0925-4439},
	url          = {https://doi.org/10.1016/j.bbadis.2019.03.011}
}
@article{salmon2016,
	title        = {Economic impact of lower-limb osteoarthritis worldwide: {A} systematic review of cost-of-illness studies},
	author       = {Salmon, J.H. and Rat, A.C. and Sellam, J. and others},
	year         = 2016,
	journal      = {Osteoarthritis and Cartilage},
	volume       = 24,
	number       = 9,
	pages        = {1500--1508},
	issn         = {1063-4584},
	url          = {https://doi.org/10.1016/j.joca.2016.03.012}
}
@article{sajjadinia2019,
	title        = {Computational simulation of the multiphasic degeneration of the bone-cartilage unit during osteoarthritis via indentation and unconfined compression tests},
	author       = {Sajjadinia, S.S. and Haghpanahi, M. and Razi, M.},
	year         = 2019,
	journal      = {Proceedings of the Institution of Mechanical Engineers, Part H: Journal of Engineering in Medicine},
	volume       = 233,
	number       = 9,
	pages        = {871--882},
	url          = {https://doi.org/10.1177/0954411919854011}
}
@article{lin2021,
	title        = {The effect of highly inhomogeneous biphasic properties on mechanical behaviour of articular cartilage},
	author       = {Lin, W. and Meng, Q. and Li, J. and others},
	year         = 2021,
	journal      = {Computer Methods and Programs in Biomedicine},
	volume       = 206,
	pages        = 106122,
	issn         = {0169-2607},
	url          = {https://doi.org/10.1016/j.cmpb.2021.106122}
}
@article{ebrahimi2019,
	title        = {Elastic, viscoelastic and fibril-reinforced poroelastic material properties of healthy and osteoarthritic human tibial cartilage},
	author       = {Ebrahimi, M. and Ojanen, S. and Mohammadi, A. and others},
	year         = 2019,
	journal      = {Annals of Biomedical Engineering},
	volume       = 47,
	number       = 4,
	pages        = {953--966},
	issn         = {1573-9686},
	url          = {https://doi.org/10.1007/s10439-019-02213-4}
}
@article{lotz2012,
	title        = {Effects of aging on articular cartilage homeostasis},
	author       = {Lotz, M. and Loeser, R.F.},
	year         = 2012,
	journal      = {Bone},
	volume       = 51,
	number       = 2,
	pages        = {241--248},
	issn         = {8756-3282},
	url          = {https://doi.org/10.1016/j.bone.2012.03.023}
}
@article{buckwalter1995,
	title        = {Osteoarthritis and articular cartilage use, disuse, and abuse: {Experimental} studies},
	author       = {Buckwalter, J.A.},
	year         = 1995,
	journal      = {The Journal of Rheumatology. Supplement},
	volume       = 43,
	pages        = {13--15},
	issn         = {0380-0903},
	url          = {http://europepmc.org/abstract/MED/7752117}
}
@article{pearle2005,
	title        = {Basic science of articular cartilage and osteoarthritis},
	author       = {Pearle, A.D. and Warren, R.F. and Rodeo, S.A.},
	year         = 2005,
	journal      = {Clinics in Sports Medicine},
	volume       = 24,
	number       = 1,
	pages        = {1--12},
	issn         = {0278-5919},
	url          = {https://doi.org/10.1016/j.csm.2004.08.007}
}
@article{goldring2012,
	title        = {Articular cartilage degradation in osteoarthritis},
	author       = {Goldring, M.B.},
	year         = 2012,
	journal      = {HSS Journal®},
	volume       = 8,
	number       = 1,
	pages        = {7--9},
	url          = {https://doi.org/10.1007/s11420-011-9250-z}
}
@article{brody2015,
	title        = {Knee osteoarthritis: {Clinical} connections to articular cartilage structure and function},
	author       = {Brody, L.T.},
	year         = 2015,
	journal      = {Physical Therapy in Sport},
	volume       = 16,
	number       = 4,
	pages        = {301--316},
	issn         = {1466-853X},
	url          = {https://doi.org/10.1016/j.ptsp.2014.12.001}
}
@article{culav1999,
	title        = {Connective tissues: {Matrix} composition and its relevance to physical therapy},
	author       = {Culav, E.M. and Clark, C.H. and Merrilees, M.J.},
	year         = 1999,
	journal      = {Physical Therapy},
	volume       = 79,
	number       = 3,
	pages        = {308--319},
	issn         = {0031-9023},
	url          = {https://doi.org/10.1093/ptj/79.3.308}
}
@article{Danso2014,
	title        = {Comparison of nonlinear mechanical properties of bovine articular cartilage and meniscus},
	author       = {Danso, E.K. and Honkanen, J.T.J. and Saarakkala, S. and others},
	year         = 2014,
	journal      = {Journal of Biomechanics},
	volume       = 47,
	number       = 1,
	pages        = {200--206},
	issn         = {0021-9290},
	url          = {https://doi.org/10.1016/j.jbiomech.2013.09.015}
}
@article{chen2017,
	title        = {Meniscus, articular cartilage and nucleus pulposus: {A} comparative review of cartilage-like tissues in anatomy, development and function},
	author       = {Chen, S. and Fu, P. and Wu, H. and others},
	year         = 2017,
	journal      = {Cell and Tissue Research},
	volume       = 370,
	number       = 1,
	pages        = {53--70},
	issn         = {1432-0878},
	url          = {https://doi.org/10.1007/s00441-017-2613-0}
}
@article{forster1996,
	title        = {The influence of loading time and lubricant on the friction of articular cartilage},
	author       = {Forster, H. and Fisher, J.},
	year         = 1996,
	journal      = {Proceedings of the Institution of Mechanical Engineers, Part H: Journal of Engineering in Medicine},
	volume       = 210,
	number       = 2,
	pages        = {109--119},
	url          = {https://doi.org/10.1243/PIME_PROC_1996_210_399_02}
}
@article{walker1975,
	title        = {The role of the menisci in force transmission across the knee},
	author       = {Walker, P.S. and Erkman, M.J.},
	year         = 1975,
	journal      = {Clinical Orthopaedics and Related Research},
	number       = 109,
	pages        = {184--192},
	issn         = {0009-921X},
	url          = {https://doi.org/10.1097/00003086-197506000-00027}
}
@article{banks2011,
	title        = {A brief review of elasticity and viscoelasticity for solids},
	author       = {Banks, H.T. and Hu, S. and Kenz, Z.R.},
	year         = 2011,
	journal      = {Advances in Applied Mathematics and Mechanics},
	publisher    = {Cambridge University Press},
	volume       = 3,
	number       = 1,
	pages        = {1–51},
	url          = {https://doi.org/10.4208/aamm.10-m1030}
}
@article{mameri2022,
	title        = {Review of meniscus anatomy and biomechanics},
	author       = {Mameri, E.S. and Dasari, S.P. and Fortier, L.M. and others},
	year         = 2022,
	journal      = {Current Reviews in Musculoskeletal Medicine},
	volume       = 15,
	number       = 5,
	pages        = {323--335},
	issn         = {1935-9748},
	url          = {https://doi.org/10.1007/s12178-022-09768-1}
}
@article{goldblatt2003,
	title        = {Anatomy and biomechanics of the knee},
	author       = {Goldblatt, J.P. and Richmond, J.C.},
	year         = 2003,
	journal      = {Operative Techniques in Sports Medicine},
	volume       = 11,
	number       = 3,
	pages        = {172--186},
	issn         = {1060-1872},
	url          = {https://doi.org/10.1053/otsm.2003.35911},
	note         = {The Multiple Ligament Injured Knee, Part I}
}
@article{dye1987,
	title        = {An evolutionary perspective of the knee.},
	author       = {Dye, S.F.},
	year         = 1987,
	journal      = {The Journal of Bone and Joint Surgery. American volume},
	volume       = 69,
	number       = 7,
	pages        = {976--983},
	issn         = {0021-9355},
	url          = {http://europepmc.org/abstract/MED/3654710}
}
@article{lu2008,
	title        = {Biomechanics of articular cartilage and determination of material properties},
	author       = {Lu, X.L. and Mow, V.C.},
	year         = 2008,
	journal      = {Medicine {\&} Science in Sports {\&} Exercise},
	volume       = 40,
	number       = 2,
	issn         = {0195-9131},
	url          = {https://doi.org/10.1249/mss.0b013e31815cb1fc}
}
@article{cooke2018,
	title        = {Matrix degradation in osteoarthritis primes the superficial region of cartilage for mechanical damage},
	author       = {Cooke, M.E. and Lawless, B.M. and Jones, S.W. and others},
	year         = 2018,
	journal      = {Acta Biomaterialia},
	volume       = 78,
	pages        = {320--328},
	issn         = {1742-7061},
	url          = {https://doi.org/10.1016/j.actbio.2018.07.037}
}
@InProceedings{sanchez2018,
  title = 	 {Graph networks as learnable physics engines for inference and control},
  author =   {Sanchez-Gonzalez, A. and Heess, N. and Springenberg, J.T. and others},
  booktitle = 	 {Proceedings of the 35th International Conference on Machine Learning},
  pages = 	 {4470--4479},
  year = 	 {2018},
  editor = 	 {Dy, J. and Krause, A.},
  volume = 	 {80},
  series = 	 {Proceedings of Machine Learning Research},
  month = 	 {7},
  publisher = {PMLR},
  url = {https://doi.org/10.48550/arXiv.1806.01242}
}
@Article{shim2016,
author={Shim, V.B.
and Besier, T.F.
and Lloyd, D.G.
and others},
title={The influence and biomechanical role of cartilage split line pattern on tibiofemoral cartilage stress distribution during the stance phase of gait},
journal={Biomechanics and Modeling in Mechanobiology},
year={2016},
month={2},
day={01},
volume={15},
number={1},
pages={195-204},
issn={1617-7940},
url={https://doi.org/10.1007/s10237-015-0668-y}
}


@article{cooper2019,
	title        = {Finite element models of the tibiofemoral joint: A review of validation approaches and modelling challenges},
	author       = {Cooper, R.J. and Wilcox, R.K. and Jones, A.C.},
	year         = 2019,
	journal      = {Medical Engineering {\&} Physics},
	volume       = 74,
	pages        = {1--12},
	issn         = {1350-4533},
	url          = {https://doi.org/10.1016/j.medengphy.2019.08.002}
}
@book{menard2020,
	title        = {Dynamic Mechanical Analysis},
	author       = {Menard, K.P. and Menard, N.R.},
	year         = 2020,
	publisher    = {CRC press},
	url          = {https://doi.org/10.1201/9780429190308},
	edition      = {3rd}
}
@article{zhang2022,
	title        = {A multi-fidelity surrogate modeling approach for incorporating multiple non-hierarchical low-fidelity data},
	author       = {Zhang, L. and Wu, Y. and Jiang, P. and others},
	year         = 2022,
	journal      = {Advanced Engineering Informatics},
	volume       = 51,
	pages        = 101430,
	issn         = {1474-0346},
	url          = {https://doi.org/10.1016/j.aei.2021.101430}
}
@article{conti2023,
	title        = {Multi-fidelity surrogate modeling using long short-term memory networks},
	author       = {Conti, P. and Guo, M. and Manzoni, A. and others},
	year         = 2023,
	journal      = {Computer Methods in Applied Mechanics and Engineering},
	volume       = 404,
	pages        = 115811,
	issn         = {0045-7825},
	url          = {https://doi.org/10.1016/j.cma.2022.115811}
}
@article{ahn2022,
	title        = {Multi-fidelity meta modeling using composite neural network with online adaptive basis technique},
	author       = {Ahn, J.G. and Yang, H.I. and Kim, J.G.},
	year         = 2022,
	journal      = {Computer Methods in Applied Mechanics and Engineering},
	volume       = 388,
	pages        = 114258,
	issn         = {0045-7825},
	url          = {https://doi.org/10.1016/j.cma.2021.114258}
}
@article{yang2019,
	title        = {Conditional deep surrogate models for stochastic, high-dimensional, and multi-fidelity systems},
	author       = {Yang, Y. and Perdikaris, P.},
	year         = 2019,
	journal      = {Computational Mechanics},
	volume       = 64,
	number       = 2,
	pages        = {417--434},
	issn         = {1432-0924},
	url          = {https://doi.org/10.1007/s00466-019-01718-y}
}
@article{cheng2021,
	title        = {A multi-fidelity surrogate modeling method based on variance-weighted sum for the fusion of multiple non-hierarchical low-fidelity data},
	author       = {Cheng, M. and Jiang, P. and Hu, J. and others},
	year         = 2021,
	journal      = {Structural and Multidisciplinary Optimization},
	volume       = 64,
	number       = 6,
	pages        = {3797--3818},
	issn         = {1615-1488},
	url          = {https://doi.org/10.1007/s00158-021-03055-2}
}
@article{orava2022,
	title        = {Changes in subchondral bone structure and mechanical properties do not substantially affect cartilage mechanical responses – {A} finite element study},
	author       = {Orava, H. and Huang, L. and Ojanen, S.P. and others},
	year         = 2022,
	journal      = {Journal of the Mechanical Behavior of Biomedical Materials},
	volume       = 128,
	pages        = 105129,
	issn         = {1751-6161},
	url          = {https://doi.org/10.1016/j.jmbbm.2022.105129}
}
@article{oleg2023,
	title        = {Modeling the impact of meniscal tears on von {M}ises stress of knee cartilage tissue},
	author       = {Ardatov, O. and Aleksiuk, V. and Maknickas, A. and others},
	year         = 2023,
	journal      = {Bioengineering},
	volume       = 10,
	number       = 3,
	issn         = {2306-5354},
	url          = {https://doi.org/10.3390/bioengineering10030314},
	article-number = 314,
	pubmedid     = 36978703
}
@article{kazemi2011,
	title        = {Creep behavior of the intact and meniscectomy knee joints},
	author       = {Kazemi, M. and Li, L.P. and Savard, P. and others},
	year         = 2011,
	journal      = {Journal of the Mechanical Behavior of Biomedical Materials},
	volume       = 4,
	number       = 7,
	pages        = {1351--1358},
	issn         = {1751-6161},
	url          = {https://doi.org/10.1016/j.jmbbm.2011.05.004}
}
@article{naghibi2016,
	title        = {A comparison between dynamic implicit and explicit finite element simulations of the native knee joint},
	author       = {{Naghibi Beidokhti}, H. and Janssen, D. and Khoshgoftar, M. and others},
	year         = 2016,
	journal      = {Medical Engineering \& Physics},
	volume       = 38,
	number       = 10,
	pages        = {1123--1130},
	issn         = {1350-4533},
	url          = {https://doi.org/10.1016/j.medengphy.2016.06.001}
}
@article{donahue2002,
	title        = {A finite element model of the human knee joint for the study of tibio-femoral contact},
	author       = {Haut Donahue, T.L. and Hull, M.L. and Rashid, M.M. and others},
	year         = 2002,
	journal      = {Journal of Biomechanical Engineering},
	volume       = 124,
	number       = 3,
	pages        = {273--280},
	doi          = {10.1115/1.1470171},
	issn         = {0148-0731},
	url          = {https://doi.org/10.1115/1.1470171}
}
@article{wang2018b,
	title        = {Three-dimensional computational model simulating the fracture healing process with both biphasic poroelastic finite element analysis and fuzzy logic control},
	author       = {Wang, M. and Yang, N.},
	year         = 2018,
	journal      = {Scientific Reports},
	volume       = 8,
	number       = 1,
	pages        = 6744,
	issn         = {2045-2322},
	url          = {https://doi.org/10.1038/s41598-018-25229-7}
}
@article{lorza2021,
	title        = {Comparative analysis of healthy and cam-type femoroacetabular impingement ({FAI}) human hip joints using the finite element method},
	author       = {Lostado Lorza, R. and Somovilla Gomez, F. and Corral Bobadilla, M. and others},
	year         = 2021,
	journal      = {Applied Sciences},
	volume       = 11,
	number       = 23,
	issn         = {2076-3417},
	url          = {https://doi.org/10.3390/app112311101},
	article-number = 11101
}
@article{mirmojarabian2023,
	title        = {Machine learning prediction of collagen fiber orientation and proteoglycan content from multiparametric quantitative {MRI} in articular cartilage},
	author       = {Mirmojarabian, S.A. and Kajabi, A.W. and Ketola, J.H.J. and others},
	year         = 2023,
	journal      = {Journal of Magnetic Resonance Imaging},
	volume       = 57,
	number       = 4,
	pages        = {1056--1068},
	url          = {https://doi.org/10.1002/jmri.28353}
}
@article{alunnicardinali2023,
	title        = {{Brillouin--Raman} micro-spectroscopy and machine learning techniques to classify osteoarthritic lesions in the human articular cartilage},
	author       = {Alunni Cardinali, M. and Govoni, M. and Tschon, M. and others},
	year         = 2023,
	journal      = {Scientific Reports},
	volume       = 13,
	number       = 1,
	pages        = 1690,
	issn         = {2045-2322},
	url          = {https://doi.org/10.1038/s41598-023-28735-5}
}
@article{niasar2023,
	title        = {Characterizing site-specific mechanical properties of knee cartilage with indentation-relaxation maps and machine learning},
	author       = {Hamsayeh Abbasi Niasar, E. and Li, L.P.},
	year         = 2023,
	journal      = {Journal of the Mechanical Behavior of Biomedical Materials},
	volume       = 142,
	pages        = 105826,
	issn         = {1751-6161},
	url          = {https://doi.org/10.1016/j.jmbbm.2023.105826}
}
@article{Chen2012,
	title        = {The global economic cost of osteoarthritis: {H}ow the {UK} compares}, 
	author       = {Chen, A. and Gupte, C. and Akhtar, K.},
	year         = 2012,
	journal      = {Arthritis},
	publisher    = {Hindawi Publishing Corporation},
	volume       = 2012,
	pages        = 698709,
	issn         = {2090-1984},
	url          = {https://doi.org/10.1155/2012/698709}
}
@article{gillian2019,
	title        = {Osteoarthritis is a serious disease},
	author       = {Hawker, G.A.},
	year         = 2019,
	journal      = {Clinical and Experimental Rheumatology},
	volume       = {37 Suppl 120},
	number       = 5,
	pages        = {3--6},
	issn         = {0392-856X},
	url          = {http://europepmc.org/abstract/med/31621562}
}
@article{lespasio2017,
	title        = {Knee osteoarthritis: {A} primer},
	author       = {Lespasio, M.J. and Piuzzi, N.S. and Husni, M.E. and others},
	year         = 2017,
	journal      = {The Permanente Journal},
	volume       = 21,
	pages        = {16--183},
	issn         = {1552-5767},
	url          = {https://doi.org/10.7812/tpp/16-183}
}
@article{kong2022,
	title        = {Exercise for osteoarthritis: {A} literature review of pathology and mechanism},
	author       = {Kong, H. and Wang, X.Q. and Zhang, X.A.},
	year         = 2022,
	journal      = {Frontiers in Aging Neuroscience},
	volume       = 14,
	issn         = {1663-4365},
	url          = {https://doi.org/10.3389/fnagi.2022.854026}
}
@article{mobasheri2017,
	title        = {The role of metabolism in the pathogenesis of osteoarthritis},
	author       = {Mobasheri, A. and Rayman, M.P. and Gualillo, O. and others},
	year         = 2017,
	journal      = {Nature Reviews Rheumatology},
	volume       = 13,
	number       = 5,
	pages        = {302--311},
	issn         = {1759-4804},
	url          = {https://doi.org/10.1038/nrrheum.2017.50}
}
@article{loeser2016,
	title        = {Ageing and the pathogenesis of osteoarthritis},
	author       = {Loeser, R.F and Collins, J.A and Diekman, B.O},
	year         = 2016,
	journal      = {Nature Reviews Rheumatology},
	volume       = 12,
	number       = 7,
	pages        = {412--420},
	issn         = {1759-4804},
	url          = {https://doi.org/10.1038/nrrheum.2016.65}
}
@article{astephen2021,
	title        = {Osteoarthritis year in review 2020: {Mechanics}},
	author       = {Astephen Wilson, J.L., and Kobsar, D.},
	year         = 2021,
	journal      = {Osteoarthritis and Cartilage},
	volume       = 29,
	number       = 2,
	pages        = {161--169},
	issn         = {1063-4584},
	url          = {https://doi.org/10.1016/j.joca.2020.12.009}
}
@article{polyak1964,
title = {Some methods of speeding up the convergence of iteration methods},
journal = {USSR Computational Mathematics and Mathematical Physics},
volume = {4},
number = {5},
pages = {1-17},
year = {1964},
issn = {0041-5553},
url = {https://doi.org/10.1016/0041-5553(64)90137-5},
author = {Polyak, B.T.},
}
@article{nesterov1983,
  title={A method for solving the convex programming problem with convergence rate $O(1/k^2)$},
  author={Nesterov, Y.},
  journal={Proceedings of the USSR Academy of Sciences},
  year={1983},
  volume={269},
  pages={543-547},
  url={https://api.semanticscholar.org/CorpusID:145918791}
}
@article{duchi2011,
  author  = {Duchi, J. and Hazan, E. and Singer, Y.},
  title   = {Adaptive subgradient methods for online learning and stochastic optimization},
  journal = {Journal of Machine Learning Research},
  year    = {2011},
  volume  = {12},
  number  = {61},
  pages   = {2121--2159},
  url     = {http://jmlr.org/papers/v12/duchi11a.html}
}
@misc{hinton2012,
  title={Neural Networks for Machine Learning},
  author={Hinton, G. and Srivastava, N. and Swersky, K.},
  howpublished={Coursera Slide Presentation},
  year={2012},
  note={Lecture 6a: Overview of mini-batch gradient descent},
  url= {https://www.cs.toronto.edu/~tijmen/csc321/slides/lecture_slides_lec6.pdf}
}
@Article{eskelinen2019,
author={Eskelinen, A.S.A. and Mononen, M.E. and others},
title={Maximum shear strain-based algorithm can predict proteoglycan loss in damaged articular cartilage},
journal={Biomechanics and Modeling in Mechanobiology},
year={2019},
month={6},
day={01},
volume={18},
number={3},
pages={753-778},
issn={1617-7940},
url={https://doi.org/10.1007/s10237-018-01113-1}
}
@Article{liu2020,
author={Liu, D. and Ma, S. and others},
title={A biphasic visco-hyperelastic damage model for articular cartilage: application to micromechanical modelling of the osteoarthritis-induced degradation behaviour},
journal={Biomechanics and Modeling in Mechanobiology},
year={2020},
month={6},
day={01},
volume={19},
number={3},
pages={1055-1077},
issn={1617-7940},
url={https://doi.org/10.1007/s10237-019-01270-x}
}
@article{pore2021,
title = {Review of contact modelling in nonlinear finite element analysis},
journal = {Materials Today: Proceedings},
volume = {47},
pages = {2436-2440},
year = {2021},
note = {International Conference on Materials and System Engineering},
issn = {2214-7853},
url = {https://doi.org/10.1016/j.matpr.2021.04.504},
author = {Pore, T. and Thorat, S.G. and Nema, A.A.},
}
@article{simo1987,
title = {On a fully three-dimensional finite-strain viscoelastic damage model: {F}ormulation and computational aspects},
journal = {Computer Methods in Applied Mechanics and Engineering},
volume = {60},
number = {2},
pages = {153-173},
year = {1987},
issn = {0045-7825},
url = {https://doi.org/10.1016/0045-7825(87)90107-1},
author = {Simo, J.C.},
}

@article{kiefer1952,
 ISSN = {00034851},
 URL = {http://www.jstor.org/stable/2236690},
 author = {Kiefer, J. and Wolfowitz, J.},
 journal = {The Annals of Mathematical Statistics},
 number = {3},
 pages = {462--466},
 publisher = {Institute of Mathematical Statistics},
 title = {Stochastic estimation of the maximum of a regression function},
 urldate = {2023-12-19},
 volume = {23},
 year = {1952}
}
@article{fazekas2018,
title = {Determination of the hyper-viscoelastic model parameters of open-cell polymer foams and rubber-like materials with high accuracy},
journal = {Materials \& Design},
volume = {156},
pages = {596-608},
year = {2018},
issn = {0264-1275},
url = {https://doi.org/10.1016/j.matdes.2018.07.010},
author = {Fazekas, B. and Goda, T.J.},
}
@article{backus1970,
author = {Backus, G.},
title = {A geometrical picture of anisotropic elastic tensors},
journal = {Reviews of Geophysics},
volume = {8},
number = {3},
pages = {633-671},
url = {https://doi.org/10.1029/RG008i003p00633},
year = {1970}
}
@article{zevenbergen2018,% cartilage damage study
    doi = {10.1371/journal.pone.0205842},
    author = {Zevenbergen, L. and Smith, C.R. and Van Rossom, S. AND others},
    journal = {PLOS ONE},
    publisher = {Public Library of Science},
    title = {Cartilage defect location and stiffness predispose the tibiofemoral joint to aberrant loading conditions during stance phase of gait},
    year = {2018},
    month = {10},
    volume = {13},
    url = {https://doi.org/10.1371/journal.pone.0205842},
    pages = {1-22},
    number = {10},
}
@Article{lenhart2015,
author={Lenhart, R.L.
and Kaiser, J.
and others},
title={Prediction and validation of load-dependent behavior of the tibiofemoral and patellofemoral joints during movement},
journal={Annals of Biomedical Engineering},
year={2015},
month={11},
volume={43},
number={11},
pages={2675-2685},
issn={1573-9686},
url={https://doi.org/10.1007/s10439-015-1326-3}
}
@ARTICLE{elahi2021,
AUTHOR={Elahi, S.A. and Tanska, P. and Korhonen, R.K. and others},   
TITLE={An in silico framework of cartilage degeneration that integrates fibril reorientation and degradation along with altered hydration and fixed charge density loss},      
JOURNAL={Frontiers in Bioengineering and Biotechnology},      
VOLUME={9},           
YEAR={2021},      
URL={https://doi.org/10.3389/fbioe.2021.680257},
ISSN={2296-4185}, 
}
@article{elahi2023,
title = {Contribution of collagen degradation and proteoglycan depletion to cartilage degeneration in primary and secondary osteoarthritis: an in silico study},
journal = {Osteoarthritis and Cartilage},
volume = {31},
number = {6},
pages = {741-752},
year = {2023},
issn = {1063-4584},
url = {https://doi.org/10.1016/j.joca.2023.01.004},
author = {Elahi, S.A. and Castro-Vi{\~n}uelas, R. and Tanska, P. and others},
}
@article{maes2023,
title = {How to implement constrained mixture growth and remodeling algorithms for soft biological tissues},
journal = {Journal of the Mechanical Behavior of Biomedical Materials},
volume = {140},
pages = {105733},
year = {2023},
issn = {1751-6161},
url = {https://doi.org/10.1016/j.jmbbm.2023.105733},
author = {Maes, L. and Famaey, N.},
}
@article{chokhandre2021,
title = {Specimen specific imaging and joint mechanical testing data for next generation virtual knees},
journal = {Data in Brief},
volume = {35},
pages = {106824},
year = {2021},
issn = {2352-3409},
url = {https://doi.org/10.1016/j.dib.2021.106824},
author = {Chokhandre, S. and Neumann, E.E. and Nagle, T.F. and others},
}
@article{thomas2021,
author = {Thomas, K.A. and Krzemi{\'n}ski, D. and Kidzi{\'n}ski, L. and others},
title ={Open source software for automatic subregional assessment of knee cartilage degradation using quantitative {T2} relaxometry and deep learning},
journal = {Cartilage},
volume = {13},
number = {1\_suppl},
pages = {747S-756S},
year = {2021},
url = {https://doi.org/10.1177/19476035211042406}
}
@article{bonaretti2020,
    author = {Bonaretti, S. and Gold, G.E. and Beaupre, G.S.},
    journal = {PLOS ONE},
    publisher = {Public Library of Science},
    title = {{pyKNEEr: A}n image analysis workflow for open and reproducible research on femoral knee cartilage},
    year = {2020},
    month = {01},
    volume = {15},
    url = {https://doi.org/10.1371/journal.pone.0226501},
    pages = {1-19},
    number = {1},
}
@inproceedings{desai2019,
  title={{DOSMA: A} deep-learning, open-source framework for musculoskeletal MRI analysis},
  author={Desai, A.D. and Barbieri, M. and Mazzoli, V. and others},
  booktitle={Proc 27th Annual Meeting ISMRM, Montreal},
  pages={1135},
  year={2019}
}
@article{panfilov2022,
author = {Panfilov, E. and Tiulpin, A. and Nieminen, M.T. and others},
title = {Deep learning-based segmentation of knee {MRI} for fully automatic subregional morphological assessment of cartilage tissues: {Data from the Osteoarthritis Initiative}},
journal = {Journal of Orthopaedic Research},
volume = {40},
number = {5},
pages = {1113-1124},
url = {https://doi.org/10.1002/jor.25150},
year = {2022}
}
@article{desai2021,
author = {Desai, A.D. and Caliva, F. and Iriondo, C. and others},
title = {The international workshop on osteoarthritis imaging knee {MRI} segmentation challenge: {A} multi-institute evaluation and analysis framework on a standardized dataset},
journal = {Radiology: Artificial Intelligence},
volume = {3},
number = {3},
pages = {e200078},
year = {2021},
url = {https://doi.org/10.1148/ryai.2021200078}
}
@InProceedings{panfilov2019,
  author = {Panfilov, E. and Tiulpin, A. and Klein, S. and others},
  title = {Improving robustness of deep learning based knee {MRI} segmentation: {M}ixup and adversarial domain adaptation},
  booktitle = {The IEEE International Conference on Computer Vision (ICCV) Workshops},
  month = {10},
  year = {2019},
  URL = {https://doi.org/10.48550/arXiv.1908.04126}
}



